@article{davis1952automatic,
  title={ Automatic recognition of spoken digits },
  author={Davis, KH and Biddulph, R and Balashek, Stephen},
  journal={The Journal of the Acoustical Society of America},
  volume={24},
  number={6},
  pages={637--642},
  year={1952},
}

@article{good1953population,
  title={ The population frequencies of species and the estimation of population parameters },
  author={Good, Irving J},
  journal={Biometrika},
  volume={40},
  number={3-4},
  pages={237--264},
  year={1953},
  publisher={Biometrika Trust}
}

@ARTICLE{7913606, 
author={L. Lu and S. Renals}, 
journal={IEEE/ACM Transactions on Audio, Speech, and Language Processing}, 
title={Small-Footprint Highway Deep Neural Networks for Speech Recognition}, 
year={2017}, 
volume={25}, 
number={7}, 
pages={1502-1511}, 
keywords={recurrent neural nets;speech recognition;AMI corpus;Gaussian mixture models;HDNN;adaptation data;depth-gated feedforward neural network;gate functions;mobile devices;neural network acoustic models;recognition accuracy;resource-constrained platforms;small-footprint highway deep neural networks;speech recognition systems;Adaptation models;Hidden Markov models;Logic gates;Neural networks;Road transportation;Speech recognition;Training;Deep learning;highway networks;small-footprint models;speech recognition}, 
doi={10.1109/TASLP.2017.2698723}, 
ISSN={2329-9290}, 
}


@inproceedings{seide2016cntk,
  title={CNTK: Microsoft's Open-Source Deep-Learning Toolkit},
  author={Seide, Frank and Agarwal, Amit},
  booktitle={Proceedings of the 22nd ACM SIGKDD International Conference on Knowledge Discovery and Data Mining},
  pages={2135--2135},
  year={2016},
  organization={ACM}
}

@article{polyak1964some,
  title={ Some methods of speeding up the convergence of iteration methods},
  author={Polyak, Boris T},
  journal={USSR Computational Mathematics and Mathematical Physics},
  volume={4},
  number={5},
  pages={1--17},
  year={1964},
  publisher={Elsevier}
}

@inproceedings{hadian2018end,
  title={End-to-end speech recognition using lattice-free MMI},
  author={Hadian, Hossein and Sameti, Hossein and Povey, Daniel and Khudanpur, Sanjeev},
  booktitle={Proc. Interspeech},
  pages={12--16},
  year={2018}
}

@inproceedings{chen2014small,
  title={Small-footprint keyword spotting using deep neural networks},
  author={Chen, Guoguo and Parada, Carolina and Heigold, Georg},
  booktitle={Acoustics, Speech and Signal Processing (ICASSP), 2014 IEEE International Conference on},
  pages={4087--4091},
  year={2014},
  organization={IEEE}
}

@article{hakkani2006beyond,
  title={Beyond ASR 1-best: Using word confusion networks in spoken language understanding},
  author={Hakkani-T{\"u}r, Dilek and B{\'e}chet, Fr{\'e}d{\'e}ric and Riccardi, Giuseppe and Tur, Gokhan},
  journal={Computer Speech \& Language},
  volume={20},
  number={4},
  pages={495--514},
  year={2006},
  publisher={Elsevier}
}

@inproceedings{rose1995training,
  title={A training procedure for verifying string hypotheses in continuous speech recognition},
  author={Rose, Richard C and Juang, Biing-Hwang and Lee, Chin-Hui},
  booktitle={Acoustics, Speech, and Signal Processing, 1995. ICASSP-95., 1995 International Conference on},
  volume={1},
  pages={281--284},
  year={1995},
  organization={IEEE}
}

@article{siniscalchi2013bottom,
  title={A bottom-up modular search approach to large vocabulary continuous speech recognition},
  author={Siniscalchi, Sabato Marco and Svendsen, Torbjorn and Lee, Chin-Hui},
  journal={Audio, Speech, and Language Processing, IEEE Transactions on},
  volume={21},
  number={4},
  pages={786--797},
  year={2013},
  publisher={IEEE}
}

@article{ruan2016speech,
  title={Speech Is 3x Faster than Typing for English and Mandarin Text Entry on Mobile Devices},
  author={Ruan, Sherry and Wobbrock, Jacob O and Liou, Kenny and Ng, Andrew and Landay, James},
  journal={arXiv preprint arXiv:1608.07323},
  year={2016}
}

@inproceedings{sainath2015acoustic,
  title={Acoustic modelling with CD-CTC-SMBR LSTM RNNS},
  author={Sainath, Tara and Rao, Kanishka and others},
  booktitle={2015 IEEE Workshop on Automatic Speech Recognition and Understanding (ASRU)},
  pages={604--609},
  year={2015},
  organization={IEEE}
}

@inproceedings{hu2013new,
  title={A new DNN-based high quality pronunciation evaluation for computer-aided language learning (CALL).},
  author={Hu, Wenping and Qian, Yao and Soong, Frank K},
  booktitle={INTERSPEECH},
  pages={1886--1890},
  year={2013}
}

@inproceedings{zhc00-chen-icassp2017,
  title={Confidence Measures for CTC-based Phone Synchronous Decoding},
  author={Zhehuai Chen and Yimeng Zhuang and Kai Yu},
  booktitle={2017 IEEE International Conference on Acoustics, Speech and Signal Processing },
  year={2017},
  organization={IEEE}
}
@inproceedings{yu2006maximum,
  title={Maximum entropy based normalization of word posteriors for phonetic and lvcsr lattice search},
  author={Yu, Peng and Zhang, Duo and Seide, Frank},
  booktitle={2006 IEEE International Conference on Acoustics Speech and Signal Processing Proceedings},
  volume={1},
  pages={I--I},
  year={2006},
  organization={IEEE}
}
@inproceedings{ward1996class,
  title={A class based language model for speech recognition},
  author={Ward, Wayne and Issar, Sunil},
  booktitle={Acoustics, Speech, and Signal Processing, 1996. ICASSP-96. Conference Proceedings., 1996 IEEE International Conference on},
  volume={1},
  pages={416--418},
  year={1996},
  organization={IEEE}
}
@inproceedings{vasserman2016contextual,
  title={Contextual language model adaptation using dynamic classes},
  author={Vasserman, Lucy and Haynor, Ben and Aleksic, Petar},
  booktitle={Spoken Language Technology Workshop (SLT), 2016 IEEE},
  pages={441--446},
  year={2016},
  organization={IEEE}
}

@inproceedings{ma2011fusing,
  title={Fusing Multiple Confidence Measures for Chinese Spoken Term Detection},
  author={Ma, Zejun and Wang, Xiaorui and Xu, Bo},
  booktitle={Twelfth Annual Conference of the International Speech Communication Association},
  year={2011}
}

@inproceedings{evermann2000large,
  title={Large vocabulary decoding and confidence estimation using word posterior probabilities},
  author={Evermann, Gunnar and Woodland, Philip C},
  booktitle={Acoustics, Speech, and Signal Processing, 2000. ICASSP'00. Proceedings. 2000 IEEE International Conference on},
  volume={3},
  pages={1655--1658},
  year={2000},
  organization={IEEE}
}

@article{wessel2001confidence,
  title={Confidence measures for large vocabulary continuous speech recognition},
  author={Wessel, Frank and Schluter, Ralf and Macherey, Klaus and Ney, Hermann},
  journal={IEEE Transactions on speech and audio processing},
  volume={9},
  number={3},
  pages={288--298},
  year={2001},
  publisher={IEEE}
}


@article{jiang2005confidence,
  title={Confidence measures for speech recognition: A survey},
  author={Jiang, Hui},
  journal={Speech communication},
  volume={45},
  number={4},
  pages={455--470},
  year={2005},
  publisher={Elsevier}
}

@inproceedings{falavigna2002acoustic,
  title={Acoustic and word lattice based algorithms for confidence scores.},
  author={Falavigna, Daniele and Gretter, Roberto and Riccardi, Giuseppe},
  booktitle={INTERSPEECH},
  year={2002}
}

@phdthesis{seigel2013confidence,
  title={Confidence Estimation for Automatic Speech Recognition Hypotheses},
  author={Seigel, Mathew Stephen},
  year={2013},
  school={Ph. D. thesis, University of Cambridge}
}

@article{fernandez2008phoneme,
  title={Phoneme recognition in TIMIT with BLSTM-CTC},
  author={Fern{\'a}ndez, Santiago and Graves, Alex and Schmidhuber, J{\"u}rgen},
  journal={arXiv preprint arXiv:0804.3269},
  year={2008}
}

@article{yu2011calibration,
  title={Calibration of confidence measures in speech recognition},
  author={Yu, Dong and Li, Jinyu and Deng, Li},
  journal={IEEE Transactions on Audio, Speech, and Language Processing},
  volume={19},
  number={8},
  pages={2461--2473},
  year={2011},
  publisher={IEEE}
}

@inproceedings{young1994detecting,
  title={Detecting misrecognitions and out-of-vocabulary words},
  author={Young, Sheryl R},
  booktitle={Acoustics, Speech, and Signal Processing, 1994. ICASSP-94., 1994 IEEE International Conference on},
  volume={2},
  pages={II--21},
  year={1994},
  organization={IEEE}
}
@inproceedings{Chen+2016,
    author={Zhehuai Chen and Wei Deng and Tao Xu and Kai Yu},
    title={Phone Synchronous Decoding with CTC Lattice},
    year=2016,
    booktitle={Interspeech 2016},
    doi={10.21437/Interspeech.2016-831},
    url={http://dx.doi.org/10.21437/Interspeech.2016-831},
    pages={1923--1927}
}
@inproceedings{zhc00-chen-is16,
    author={Zhehuai Chen and Wei Deng and Tao Xu and Kai Yu},
    title={Phone Synchronous Decoding with CTC Lattice},
    year=2016,
    booktitle={Interspeech 2016},
    doi={10.21437/Interspeech.2016-831},
    pages={1923--1927}
}

@article{peddinti2018low,
  title={Low latency acoustic modeling using temporal convolution and LSTMs},
  author={Peddinti, Vijayaditya and Wang, Yiming and Povey, Daniel and Khudanpur, Sanjeev},
  journal={IEEE Signal Processing Letters},
  volume={25},
  number={3},
  pages={373--377},
  year={2018},
  publisher={IEEE}
}
@article{chen2018progressive,
  title={Progressive joint modeling in unsupervised single-channel overlapped speech recognition},
  author={Chen, Zhehuai and Droppo, Jasha and Li, Jinyu and Xiong, Wayne and Chen, Zhehuai and Droppo, Jasha and Li, Jinyu and Xiong, Wayne},
  journal={IEEE/ACM Transactions on Audio, Speech and Language Processing (TASLP)},
  volume={26},
  number={1},
  pages={184--196},
  year={2018},
  publisher={IEEE Press}
}
@article{chen2018gpu,
  title={A GPU-based WFST Decoder with Exact Lattice Generation},
  author={Chen, Zhehuai and Luitjens, Justin and Xu, Hainan and Wang, Yiming and Povey, Daniel and Khudanpur, Sanjeev},
  journal={arXiv preprint arXiv:1804.03243},
  year={2018}
}

@article{baum1967inequality,
  title={An inequality with applications to statistical estimation for probabilistic functions of Markov processes and to a model for ecology},
  author={Baum, Leonard E and Eagon, John Alonzo and others},
  journal={Bull. Amer. Math. Soc},
  volume={73},
  number={3},
  pages={360--363},
  year={1967}
}

@book{bregman1994auditory,
  title={Auditory scene analysis: The perceptual organization of sound},
  author={Bregman, Albert S},
  year={1994},
  publisher={MIT press}
}

@book{wang2006computational,
  title={Computational auditory scene analysis: Principles, algorithms, and applications},
  author={Wang, DeLiang and Brown, Guy J},
  year={2006},
  publisher={Wiley-IEEE press}
}

@inproceedings{du2014speech,
  title={Speech separation of a target speaker based on deep neural networks},
  author={Du, Jun and Tu, Yanhui and Xu, Yong and Dai, Lirong and Lee, Chin-Hui},
  booktitle={Signal Processing (ICSP), 2014 12th International Conference on},
  pages={473--477},
  year={2014},
  organization={IEEE}
}

@inproceedings{povey2012generating,
  title={Generating exact lattices in the WFST framework},
  author={Povey, Daniel and Hannemann, Mirko and Boulianne, Gilles and Burget, Luk{\'a}{\v{s}} and Ghoshal, Arnab and Janda, Milo{\v{s}} and Karafi{\'a}t, Martin and Kombrink, Stefan and Motl{\'\i}{\v{c}}ek, Petr and Qian, Yanmin and others},
  booktitle={Acoustics, Speech and Signal Processing (ICASSP), 2012 IEEE International Conference on},
  pages={4213--4216},
  year={2012},
  organization={IEEE}
}

@inproceedings{povey2008boosted,
  title={Boosted MMI for model and feature-space discriminative training},
  author={Povey, Daniel and Kanevsky, Dimitri and Kingsbury, Brian and Ramabhadran, Bhuvana and Saon, George and Visweswariah, Karthik},
  booktitle={Acoustics, Speech and Signal Processing, 2008. ICASSP 2008. IEEE International Conference on},
  pages={4057--4060},
  year={2008},
  organization={IEEE}
}

@inproceedings{paulik2015improvements,
  title={Improvements to the Pruning Behavior of DNN Acoustic Models},
  author={Paulik, Matthias},
  booktitle={Sixteenth Annual Conference of the International Speech Communication Association},
  year={2015}
}

@inproceedings{miao2016simplifying,
  title={Simplifying long short-term memory acoustic models for fast training and decoding},
  author={Miao, Yajie and Li, Jinyu and Wang, Yongqiang and Zhang, Shi-Xiong and Gong, Yifan},
  booktitle={2016 IEEE International Conference on Acoustics, Speech and Signal Processing},
  pages={2284--2288},
  year={2016},
  organization={IEEE}
}
@ARTICLE{7736093, 
author={Z. Chen and Y. Zhuang and Y. Qian and K. Yu}, 
journal={IEEE/ACM Transactions on Audio, Speech, and Language Processing}, 
title={Phone Synchronous Speech Recognition With CTC Lattices}, 
year={2017}, 
volume={25}, 
number={1}, 
pages={86-97}, 
doi={10.1109/TASLP.2016.2625459}, 
ISSN={2329-9290}, 
}

@article{jozefowicz2016exploring,
  title={Exploring the limits of language modeling},
  author={Jozefowicz, Rafal and Vinyals, Oriol and Schuster, Mike and Shazeer, Noam and Wu, Yonghui},
  journal={arXiv preprint arXiv:1602.02410},
  year={2016}
}

@article{prabhavalkar2017comparison,
  title={A Comparison of Sequence-to-Sequence Models for Speech Recognition},
  author={Prabhavalkar, Rohit and Rao, Kanishka and Sainath, Tara N and Li, Bo and Johnson, Leif and Jaitly, Navdeep},
  journal={Proc. Interspeech 2017},
  pages={939--943},
  year={2017}
}
@article{sak2017recurrent,
  title={Recurrent Neural Aligner: An Encoder-Decoder Neural Network Model for Sequence to Sequence Mapping},
  author={Sak, Ha{\c{s}}im and Shannon, Matt and Rao, Kanishka and Beaufays, Fran{\c{c}}oise},
  journal={Proc. Interspeech 2017},
  pages={1298--1302},
  year={2017}
}
@article{audhkhasi2017direct,
  title={Direct Acoustics-to-Word Models for English Conversational Speech Recognition},
  author={Audhkhasi, Kartik and Ramabhadran, Bhuvana and Saon, George and Picheny, Michael and Nahamoo, David},
  journal={arXiv preprint arXiv:1703.07754},
  year={2017}
}
@ARTICLE{zhc00-chen-tasl2017,
author={Z. Chen and Y. Zhuang and Y. Qian and K. Yu},
journal={IEEE/ACM Transactions on Audio, Speech, and Language Processing},
title={Phone Synchronous Speech Recognition With CTC Lattices},
year={2017},
volume={25},
number={1},
pages={86-97},
keywords={Acoustic beams;Acoustics;Decoding;Hidden Markov models;Lattices;Pragmatics;Speech recognition;CTC;DLSS;Decoder;KWS;LVCSR;Lattice;WFST},
doi={10.1109/TASLP.2016.2625459},
ISSN={2329-9290}}
@article{pisoni1985speech,
  title={Speech perception, word recognition and the structure of the lexicon},
  author={Pisoni, David B and Nusbaum, Howard C and Luce, Paul A and Slowiaczek, Louisa M},
  journal={Speech communication},
  volume={4},
  number={1-3},
  pages={75--95},
  year={1985},
  publisher={Elsevier}
}
@article{hori2013speech,
  title={Speech recognition algorithms using weighted finite-state transducers},
  author={Hori, Takaaki and Nakamura, Atsushi},
  journal={Synthesis Lectures on Speech and Audio Processing},
  volume={9},
  number={1},
  pages={1--162},
  year={2013},
  publisher={Morgan \& Claypool Publishers}
}
@inproceedings{hauswald2015sirius,
  title={Sirius: An open end-to-end voice and vision personal assistant and its implications for future warehouse scale computers},
  author={Hauswald, Johann and Laurenzano, Michael A and Zhang, Yunqi and Li, Cheng and Rovinski, Austin and Khurana, Arjun and Dreslinski, Ronald G and Mudge, Trevor and Petrucci, Vinicius and Tang, Lingjia and others},
  booktitle={ACM SIGPLAN Notices},
  volume={50},
  number={4},
  pages={223--238},
  year={2015},
  organization={ACM}
}
@article{you2009parallel,
  title={Parallel scalability in speech recognition},
  author={You, Kisun and Chong, Jike and Yi, Youngmin and Gonina, Ekaterina and Hughes, Christopher J and Chen, Yen-Kuang and Sung, Wonyong and Keutzer, Kurt},
  journal={IEEE Signal Processing Magazine},
  volume={26},
  number={6},
  year={2009},
  publisher={IEEE}
}

@article{miao2015eesen,
  title={EESEN: End-to-end speech recognition using deep RNN models and WFST-based decoding},
  author={Miao, Yajie and Gowayyed, Mohammad and Metze, Florian},
  journal={arXiv preprint arXiv:1507.08240},
  year={2015}
}

@inproceedings{miao2016ctc,
  title={An empirical exploration of CTC acoustic models},
  author={Miao, Yajie and Gowayyed, Mohammad and Na, Xingyu and Ko, Tom and Metze, Florian and Waibel, Alexander},
  booktitle={2016 IEEE International Conference on Acoustics, Speech and Signal Processing },
  pages={2623--2627},
  year={2016},
  organization={IEEE}
}
@inproceedings{godfrey1992switchboard,
  title={SWITCHBOARD: Telephone speech corpus for research and development},
  author={Godfrey, John J and Holliman, Edward C and McDaniel, Jane},
  booktitle={Acoustics, Speech, and Signal Processing, 1992. ICASSP-92., 1992 IEEE International Conference on},
  volume={1},
  pages={517--520},
  year={1992},
  organization={IEEE}
}

@article{pundak2016lower,
  title={Lower Frame Rate Neural Network Acoustic Models},
  author={Pundak, Golan and Sainath, Tara N},
  journal={Interspeech 2016},
  pages={22--26},
  year={2016}
}

@article{pereyra2017regularizing,
  title={Regularizing neural networks by penalizing confident output distributions},
  author={Pereyra, Gabriel and Tucker, George and Chorowski, Jan and Kaiser, {\L}ukasz and Hinton, Geoffrey},
  journal={arXiv preprint arXiv:1701.06548},
  year={2017}
}
@inproceedings{van1996adaptive,
  title={An adaptive-beam pruning technique for continuous speech recognition},
  author={Van Hamme, Hugo and Van Aelten, Filip},
  booktitle={Spoken Language, 1996. ICSLP 96. Proceedings., Fourth International Conference on},
  volume={4},
  pages={2083--2086},
  year={1996},
  organization={IEEE}
}
@inproceedings{steinbiss1994improvements,
  title={Improvements in beam search.},
  author={Steinbiss, Volker and Tran, Bach-Hiep and Ney, Hermann},
  booktitle={ICSLP},
  volume={94},
  number={4},
  pages={2143--2146},
  year={1994}
}

@article{sukkar1996vocabulary,
  title={Vocabulary independent discriminative utterance verification for nonkeyword rejection in subword based speech recognition},
  author={Sukkar, Rafid A and Lee, Chin-Hui},
  journal={IEEE Transactions on Speech and Audio Processing},
  volume={4},
  number={6},
  pages={420--429},
  year={1996},
  publisher={IEEE}
}

@article{zhuang-is2016,
  title={Unrestricted Vocabulary Keyword Spotting Using LSTM-CTC},
  author={Zhuang, Yimeng and Chang, Xuankai and Qian, Yanmin and Yu, Kai},
  journal={Interspeech 2016},
  pages={938--942},
  year={2016}
}
@article{zhou2005data,
  title={Data mining for detecting errors in dictation speech recognition},
  author={Zhou, Lina and Shi, Yongmei and Feng, Jinjuan and Sears, Andrew},
  journal={IEEE transactions on speech and audio processing},
  volume={13},
  number={5},
  pages={681--688},
  year={2005},
  publisher={IEEE}
}

@inproceedings{zhang2009unsupervised,
  title={{Unsupervised spoken keyword spotting via segmental DTW on Gaussian posteriorgrams}},
  author={Zhang, Yaodong and Glass, James R},
  booktitle={Automatic Speech Recognition \& Understanding, 2009. ASRU 2009. IEEE Workshop on},
  pages={398--403},
  year={2009},
  organization={IEEE}
}
@article{young1994state,
  title={State clustering in hidden Markov model-based continuous speech recognition},
  author={Young, Steve J and Woodland, Philip C},
  journal={Computer Speech \& Language},
  volume={8},
  number={4},
  pages={369--383},
  year={1994},
  publisher={Elsevier}
}
@misc{tdnnlstm,
  title={Low latency modeling of temporal contexts},
  author={Vijayaditya Peddinti and  Yiming Wang and Daniel Povey and Sanjeev Khudanpur},
  howpublished = {\url{http://www.danielpovey.com/files/2017_spl_tdnnlstm.pdf}}
}
@inproceedings{abbeel2005discriminative,
  title={Discriminative Training of Kalman Filters.},
  author={Abbeel, Pieter and Coates, Adam and Montemerlo, Michael and Ng, Andrew Y and Thrun, Sebastian},
  booktitle={Robotics: Science and systems},
  volume={2},
  pages={1},
  year={2005}
}

@inproceedings{sukkar1996utterance,
  title={Utterance verification of keyword strings using word-based minimum verification error (WB-MVE) training},
  author={Sukkar, Rafid A and Setlur, Anand R and Rahim, Mazin G and Lee, Chin-Hui},
  booktitle={IEEE International Conference on Acoustics, Speech and Signal Processing(ICASSP)},
  volume={1},
  pages={518--521},
  year={1996},
  organization={IEEE}
}
@techreport{shen2009comparison,
  title={A comparison of query-by-example methods for spoken term detection},
  author={Shen, Wade and White, Christopher M and Hazen, Timothy J},
  year={2009},
  institution={DTIC Document}
}
@inproceedings{sandness2000keyword,
  title={Keyword-based discriminative training of acoustic models.},
  author={Sandness, Eric D and Hetherington, I Lee},
  booktitle={Interspeech 2000},
  pages={135--138},
  year={2000}
}
@inproceedings{povey2007evaluation,
  title={Evaluation of proposed modifications to MPE for large scale discriminative training},
  author={Povey, Daniel and Kingsbury, Brian},
  booktitle={IEEE International Conference on Acoustics, Speech and Signal Processing(ICASSP)},
  volume={4},
  pages={IV--321},
  year={2007},
  organization={IEEE}
}
@INPROCEEDINGS{nict-icassp17,
    AUTHOR    =  {Naoyuki Kanda and Xugang Lu and Hisashi Kawai},
    TITLE     =  {Minimum Bayes Risk Training of CTC Acoustic Models in Maximum a Posteriori Based Decoding Framework},
    BOOKTITLE =  {IEEE International Conference on Acoustics, Speech and Signal Processing(ICASSP)},
    PAGES     =  {4855-4859},
    ADDRESS   =  {New Orleans, USA},
    YEAR      =  {2017}
}
@article{ng2000subword,
  title={Subword-based approaches for spoken document retrieval},
  author={Ng, Kenney and Zue, Victor W},
  journal={Speech Communication},
  volume={32},
  number={3},
  pages={157--186},
  year={2000},
  publisher={Elsevier}
}
@article{meng2016non,
  title={Non-Uniform Boosted MCE Training of Deep Neural Networks for Keyword Spotting},
  author={Meng, Zhong and Juang, Biing-Hwang},
  journal={Interspeech 2016},
  pages={770--774},
  year={2016}
}
@article{mandal2014recent,
  title={Recent developments in spoken term detection: a survey},
  author={Mandal, Anupam and Kumar, KR Prasanna and Mitra, Pabitra},
  journal={International Journal of Speech Technology},
  volume={17},
  number={2},
  pages={183--198},
  year={2014},
  publisher={Springer}
}
@article{li2018developing,
  title={Developing far-field speaker system via teacher-student learning},
  author={Li, Jinyu and Zhao, Rui and Chen, Zhuo and Liu, Changliang and Xiao, Xiong and Ye, Guoli and Gong, Yifan},
  journal={arXiv preprint arXiv:1804.05166},
  year={2018}
}
@article{keshet2009discriminative,
  title={Discriminative keyword spotting},
  author={Keshet, Joseph and Grangier, David and Bengio, Samy},
  journal={Speech Communication},
  volume={51},
  number={4},
  pages={317--329},
  year={2009},
  publisher={Elsevier}
}
@inproceedings{huang2018ctc,
  title={Knowledge Distillation for Sequence Model.},
  author={Mingkun Huang and Yongbin You and Zhehuai Chen and Yanmin Qian and Kai Yu},
  booktitle={Interspeech 2018},
}
@inproceedings{gibson2006hypothesis,
  title={Hypothesis spaces for minimum Bayes risk training in large vocabulary speech recognition.},
  author={Gibson, Matthew and Hain, Thomas},
  booktitle={Interspeech 2006},
  volume={6},
  pages={2406--2409},
  year={2006}
}
@inproceedings{garofolo2000trec,
  title={The TREC spoken document retrieval track: A success story},
  author={Garofolo, John S and Auzanne, Cedric GP and Voorhees, Ellen M},
  booktitle={Content-Based Multimedia Information Access-Volume 1},
  pages={1--20},
  year={2000},
  organization={Le Centre De Hautes Etudes Internationales D'Informatique Documentaire}
}
@article{garofalo1993continous,
  title={{Continous Speech Recognition (CSR-I) Wall Street Journal (WSJ0) news, complete}},
  author={Garofalo, John and Graff, David and Paul, Doug and Pallett, David},
  journal={Linguistic data consortium, philadelphia},
  year={1993}
}
@incollection{fernandez2007application,
  title={{An application of recurrent neural networks to discriminative keyword spotting}},
  author={Fern{\'a}ndez, Santiago and Graves, Alex and Schmidhuber, J{\"u}rgen},
  booktitle={Artificial Neural Networks--ICANN 2007},
  pages={220--229},
  year={2007},
  publisher={Springer}
}

@inproceedings{digalakis1991dynamical,
  title={A dynamical system approach to continuous speech recognition},
  author={Digalakis, Vassilios and Rohlicek, Jan Robin and Ostendorf, Mari},
  booktitle={Acoustics, Speech, and Signal Processing, 1991. ICASSP-91., 1991 International Conference on},
  pages={289--292},
  year={1991},
  organization={IEEE}
}
@inproceedings{chen2015query,
  title={{Query-by-example keyword spotting using long short-term memory networks}},
  author={Chen, Guoguo and Parada, Carolina and Sainath, Tara N},
  booktitle={IEEE International Conference on Acoustics, Speech and Signal Processing(ICASSP)},
  pages={5236--5240},
  year={2015},
  organization={IEEE}
}
@inproceedings{chen2015pronunciation,
  title={Pronunciation and silence probability modeling for ASR.},
  author={Chen, Guoguo and Xu, Hainan and Wu, Minhua and Povey, Daniel and Khudanpur, Sanjeev},
  booktitle={Interspeech 2015},
  pages={533--537},
  year={2015}
}
@inproceedings{chaudhari2007improvements,
  title={Improvements in phone based audio search via constrained match with high order confusion estimates},
  author={Chaudhari, Upendra V and Picheny, Michael},
  booktitle={Automatic Speech Recognition \& Understanding, 2007. ASRU. IEEE Workshop on},
  pages={665--670},
  year={2007},
  organization={IEEE}
}
@INPROCEEDINGS{cas-icassp17,
    AUTHOR    =  {Fengpei Ge and Yonghong Yan},
    TITLE     =  {Deep Neural Network Based Wake-Up-Word Speech Recognition with Two-stage Detection},
    BOOKTITLE =  {IEEE International Conference on Acoustics, Speech and Signal Processing(ICASSP)},
    PAGES     =  {2761-2765},
    ADDRESS   =  {New Orleans, USA},
    YEAR      =  {2017}
}
@inproceedings{barakat2012improved,
  title={{An improved template-based approach to keyword spotting applied to the spoken content of user generated video blogs}},
  author={Barakat, MS and Ritz, Christian H and Stirling, David A},
  booktitle={Multimedia and Expo (ICME), 2012 IEEE International Conference on},
  pages={723--728},
  year={2012},
  organization={IEEE}
}
@INPROCEEDINGS{
e2e-2018, 
author={Zhehuai Chen and Qi Liu and Hao Li and Kai Yu}, booktitle={ICASSP}, title={On Modular Training of Neural Acoustics-to-word Model for LVCSR}, year={2018}, volume={}, number={}, pages={}, ISSN={}
}
@article{chen2018kws,
  title={Sequence Discriminative Training for Deep Learning based Acoustic Keyword Spotting},
  author={Chen, Zhehuai and Qian, Yanmin and Yu, Kai},
  journal={Speech Communication},
  year={2018},
  publisher={Elsevier}
}

@inproceedings{hori2004fast,
  title={Fast on-the-fly composition for weighted finite-state transducers in 1.8 million-word vocabulary continuous speech recognition},
  author={Hori, Takaaki and Hori, Chiori and Minami, Yasuhiro},
  booktitle={Eighth International Conference on Spoken Language Processing},
  year={2004}
}
@inproceedings{vesely2010parallel,
  title={Parallel training of neural networks for speech recognition},
  author={Vesel{\`y}, Karel and Burget, Luk{\'a}{\v{s}} and Gr{\'e}zl, Franti{\v{s}}ek},
  booktitle={International Conference on Text, Speech and Dialogue},
  pages={439--446},
  year={2010},
  organization={Springer}
}
@inproceedings{nolden2012search,
  title={Search space pruning based on anticipated path recombination in lvcsr},
  author={Nolden, David and Schl{\"u}ter, Ralf and Ney, Hermann},
  booktitle={Interspeech},
  year={2012}
}
@inproceedings{vanhoucke2013multiframe,
  title={Multiframe deep neural networks for acoustic modeling},
  author={Vanhoucke, Vincent and Devin, Matthieu and Heigold, Georg},
  booktitle={2013 IEEE International Conference on Acoustics, Speech and Signal Processing},
  pages={7582--7585},
  year={2013},
  organization={IEEE}
}

@inproceedings{kim2011h,
  title={H-and C-level WFST-based large vocabulary continuous speech recognition on graphics processing units},
  author={Kim, Jungsuk and You, Kisun and Sung, Wonyong},
  booktitle={Acoustics, Speech and Signal Processing (ICASSP), 2011 IEEE International Conference on},
  pages={1733--1736},
  year={2011},
  organization={IEEE}
}
@article{siu1999evaluation,
  title={Evaluation of word confidence for speech recognition systems},
  author={Siu, Manhung and Gish, Herbert},
  journal={Computer Speech \& Language},
  volume={13},
  number={4},
  pages={299--319},
  year={1999},
  publisher={Elsevier}
}
@inproceedings{chen2017unified,
  title={A Unified Confidence Measure Framework Using Auxiliary Normalization Graph},
  author={Chen, Zhehuai and Qian, Yanmin and Yu, Kai},
  booktitle={International Conference on Intelligent Science and Big Data Engineering},
  pages={123--133},
  year={2017},
  organization={Springer}
}

@inproceedings{chen2017confidence,
  title={Confidence measures for CTC-based phone synchronous decoding},
  author={Chen, Zhehuai and Zhuang, Yimeng and Yu, Kai},
  booktitle={Acoustics, Speech and Signal Processing (ICASSP), 2017 IEEE International Conference on},
  pages={4850--4854},
  year={2017},
  organization={IEEE}
}
@inproceedings{hoffmeister2006frame,
  title={Frame based system combination and a comparison with weighted ROVER and CNC.},
  author={Hoffmeister, Bj{\"o}rn and Klein, Tobias and Schl{\"u}ter, Ralf and Ney, Hermann},
  booktitle={INTERSPEECH},
  year={2006},
  organization={Citeseer}
}
@inproceedings{ljolje1999efficient,
  title={Efficient general lattice generation and rescoring},
  author={Ljolje, Andrej and Pereira, Fernando and Riley, Michael},
  booktitle={Sixth European Conference on Speech Communication and Technology},
  year={1999}
}
@inproceedings{fiscus1997post,
  title={A post-processing system to yield reduced word error rates: Recognizer output voting error reduction (ROVER)},
  author={Fiscus, Jonathan G},
  booktitle={Automatic Speech Recognition and Understanding, 1997. Proceedings., 1997 IEEE Workshop on},
  pages={347--354},
  year={1997},
  organization={IEEE}
}
@inproceedings{mangu1999finding,
  title={Finding consensus among words: Lattice-based word error minimization},
  author={Mangu, Lidia and Brill, Eric and Stolcke, Andreas},
  booktitle={Sixth European Conference on Speech Communication and Technology},
  year={1999}
}
@inproceedings{alakeel2010,
  title={A Guide to dynamic Load balancing in Distributed Computer Systems},
  author={Alakeel, Ali M},
  booktitle={International Journal of Computer Science and Network Security (IJCSNS},
  year={2010},
  organization={Citeseer}
}
@inproceedings{kim2014accelerating,
  title={Accelerating large vocabulary continuous speech recognition on heterogeneous cpu-gpu platforms},
  author={Kim, Jungsuk and Lane, Ian},
  booktitle={Acoustics, Speech and Signal Processing (ICASSP), 2014 IEEE International Conference on},
  pages={3291--3295},
  year={2014},
  organization={IEEE}
}
@inproceedings{mendis2016parallelizing,
  title={Parallelizing WFST speech decoders},
  author={Mendis, Charith and Droppo, Jasha and Maleki, Saeed and Musuvathi, Madanlal and Mytkowicz, Todd and Zweig, Geoffrey},
  booktitle={Acoustics, Speech and Signal Processing (ICASSP), 2016 IEEE International Conference on},
  pages={5325--5329},
  year={2016},
  organization={IEEE}
}
@article{lamport1979make,
  title={How to make a multiprocessor computer that correctly executes multiprocess progranm},
  author={Lamport, Leslie},
  journal={IEEE transactions on computers},
  number={9},
  pages={690--691},
  year={1979},
  publisher={IEEE}
}
@misc{cuda-mps,
  title = {CUDA STREAMS},
  howpublished = {\url{http://on-demand.gputechconf.com/gtc/2014/presentations/ S4158-cuda-streams-best-practices-common-pitfalls.pdf}},
  note = {Accessed: 2018-03-17}
}
@misc{cuda9,
  title = {CUDA Toolkit Documentation},
  howpublished = {\url{http://docs.nvidia.com/cuda/}},
  note = {Accessed: 2018-03-17}
}
@article{dixon2009harnessing,
  title={Harnessing graphics processors for the fast computation of acoustic likelihoods in speech recognition},
  author={Dixon, Paul R and Oonishi, Tasuku and Furui, Sadaoki},
  journal={Computer Speech \& Language},
  volume={23},
  number={4},
  pages={510--526},
  year={2009},
  publisher={Elsevier}
}

@inproceedings{woodland19951994,
  title={The HTK book version 3.4. 1},
  author={Young, Steve},
  journal={http://htk. eng. cam. ac. uk},
  year={2009}
}
@article{hori2007efficient,
  title={Efficient WFST-based one-pass decoding with on-the-fly hypothesis rescoring in extremely large vocabulary continuous speech recognition},
  author={Hori, Takaaki and Hori, Chiori and Minami, Yasuhiro and Nakamura, Atsushi},
  journal={Audio, Speech, and Language Processing, IEEE Transactions on},
  volume={15},
  number={4},
  pages={1352--1365},
  year={2007},
  publisher={IEEE}
}

@incollection{graves2012supervised,
  title={Supervised sequence labelling},
  author={Graves, Alex},
  booktitle={Supervised Sequence Labelling with Recurrent Neural Networks},
  pages={5--13},
  year={2012},
  publisher={Springer}
}


@article{sak2015fast,
  title={Fast and Accurate Recurrent Neural Network Acoustic Models for Speech Recognition},
  author={Sak, Ha{\c{s}}im and Senior, Andrew and Rao, Kanishka and Beaufays, Fran{\c{c}}oise},
  journal={arXiv preprint arXiv:1507.06947},
  year={2015}
}



@article{collobert2016wav2letter,
  title={Wav2letter: an end-to-end convnet-based speech recognition system},
  author={Collobert, Ronan and Puhrsch, Christian and Synnaeve, Gabriel},
  journal={arXiv preprint arXiv:1609.03193},
  year={2016}
}

@article{soltau2016neural,
  title={Neural Speech Recognizer: Acoustic-to-Word LSTM Model for Large Vocabulary Speech Recognition},
  author={Soltau, Hagen and Liao, Hank and Sak, Hasim},
  journal={arXiv preprint arXiv:1610.09975},
  year={2016}
}

@article{amodei2015deep,
  title={Deep Speech 2: End-to-End Speech Recognition in English and Mandarin},
  author={Amodei, Dario and others},
  journal={arXiv preprint arXiv:1512.02595},
  year={2015}
}
@article{yu2017recognizing,
  author    = {Dong Yu and
               Xuankai Chang and
               Yanmin Qian},
  title     = {Recognizing Multi-talker Speech with Permutation Invariant Training},
  journal   = {CoRR},
  volume    = {abs/1704.01985},
  year      = {2017},
  url       = {http://arxiv.org/abs/1704.01985v3},
  timestamp = {Wed, 07 Jun 2017 14:40:33 +0200},
  biburl    = {http://dblp.uni-trier.de/rec/bib/journals/corr/YuCQ17},
  bibsource = {dblp computer science bibliography, http://dblp.org}
}

@article{weng2015deep,
  title={Deep neural networks for single-channel multi-talker speech recognition},
  author={Weng, Chao and Yu, Dong and Seltzer, Michael L and Droppo, Jasha},
  journal={IEEE/ACM Transactions on Audio, Speech and Language Processing (TASLP)},
  volume={23},
  number={10},
  pages={1670--1679},
  year={2015},
  publisher={IEEE Press}
}
@article{cooke2010monaural,
  title={Monaural speech separation and recognition challenge},
  author={Cooke, Martin and Hershey, John R and Rennie, Steven J},
  journal={Computer Speech \& Language},
  volume={24},
  number={1},
  pages={1--15},
  year={2010},
  publisher={Elsevier}
}
@article{cherry1953some,
  title={Some experiments on the recognition of speech, with one and with two ears},
  author={Cherry, E Colin},
  journal={The Journal of the acoustical society of America},
  volume={25},
  number={5},
  pages={975--979},
  year={1953},
  publisher={ASA}
}
@article{viterbi1967error,
  title={Error bounds for convolutional codes and an asymptotically optimum decoding algorithm},
  author={Viterbi, Andrew},
  journal={IEEE Transactions on Information Theory},
  volume={13},
  number={2},
  pages={260--269},
  year={1967},
  publisher={IEEE}
}

@article{forney1973viterbi,
  title={The viterbi algorithm},
  author={Forney, G David},
  journal={Proceedings of the IEEE},
  volume={61},
  number={3},
  pages={268--278},
  year={1973},
  publisher={IEEE}
}

@article{atal1974effectiveness,
  title={Effectiveness of linear prediction characteristics of the speech wave for automatic speaker identification and verification},
  author={Atal, Bishnu S},
  journal={the Journal of the Acoustical Society of America},
  volume={55},
  number={6},
  pages={1304--1312},
  year={1974},
  publisher={ASA}
}

@article{baker1975dragon,
  title={The {DRAGON} system--an overview},
  author={Baker, James},
  journal={IEEE Transactions on Acoustics, Speech, and Signal Processing},
  volume={23},
  number={1},
  pages={24--29},
  year={1975},
}

@article{jelinek1976continuous,
  title={Continuous speech recognition by statistical-methods},
  author={Jelinek, Frederick},
  journal={Proceedings of the IEEE},
  volume={64},
  number={4},
  pages={532--556},
  year={1976},
}

@article{dempster1977maximum,
  title={Maximum likelihood from incomplete data via the {EM} algorithm},
  author={Dempster, Arthur P and Laird, Nan M and Rubin, Donald B},
  journal={Journal of the royal statistical society. Series B (methodological)},
  pages={1--38},
  year={1977},
  publisher={JSTOR}
}

@article{davis1980comparison,
  title={Comparison of parametric representations for monosyllabic word recognition in continuously spoken sentences},
  author={Davis, Steven B and Mermelstein, Paul},
  journal={IEEE Transactions on Acoustics, Speech, and Signal Processing},
  volume={28},
  pages={357--366},
  year={1980},
}
@phdthesis{chan2016end,
  title={End-to-End Speech Recognition Models},
  author={Chan, William},
  year={2016},
  school={Carnegie Mellon University Pittsburgh, PA}
}


@article{hinton2012deep,
  title={{Deep neural networks for acoustic modeling in speech recognition: The shared views of four research groups}},
  author={Hinton, G. and Deng, L. and Yu, D. and Dahl, G. E. and Mohamed, A.-R. and Jaitly, N. and Senior, A. and Vanhoucke, V. and Nguyen, P. and Sainath, T. N. and others},
  journal={IEEE Signal Processing Magazine},
  volume={29},
  number={6},
  pages={82--97},
  year={2012},
  publisher={IEEE}
}

@inproceedings{mcgraw2016personalized,
  title={Personalized speech recognition on mobile devices},
  author={McGraw, Ian and Prabhavalkar, Rohit and Alvarez, Raziel and Arenas, Montse Gonzalez and Rao, Kanishka and Rybach, David and Alsharif, Ouais and Sak, Ha{\c{s}}im and Gruenstein, Alexander and Beaufays, Fran{\c{c}}oise and others},
  booktitle={Acoustics, Speech and Signal Processing (ICASSP), 2016 IEEE International Conference on},
  pages={5955--5959},
  year={2016},
  organization={IEEE}
}

@inproceedings{graves2006connectionist,
  title={Connectionist temporal classification: labelling unsegmented sequence data with recurrent neural networks},
  author={Graves, Alex and Fern{\'a}ndez, Santiago and Gomez, Faustino and Schmidhuber, J{\"u}rgen},
  booktitle={Proceedings of the 23rd international conference on Machine learning},
  pages={369--376},
  year={2006},
  organization={ACM}
}

@article{povey2016purely,
  title={Purely sequence-trained neural networks for ASR based on lattice-free MMI},
  author={Povey, Daniel and Peddinti, Vijayaditya and Galvez, Daniel and Ghahrmani, Pegah and Manohar, Vimal and Na, Xingyu and Wang, Yiming and Khudanpur, Sanjeev},
  journal={Interspeech 2016},
  year={2016}
}

@article{chen2006advances,
  title={Advances in speech transcription at IBM under the DARPA EARS program},
  author={Chen, Stanley F and Kingsbury, Brian and Mangu, Lidia and Povey, Daniel and Saon, George and Soltau, Hagen and Zweig, Geoffrey},
  journal={IEEE Transactions on Audio, Speech, and Language Processing},
  volume={14},
  number={5},
  pages={1596--1608},
  year={2006},
  publisher={IEEE}
}
@inproceedings{bahl1986maximum,
  title={Maximum mutual information estimation of hidden Markov model parameters for speech recognition},
  author={Bahl, LR and Brown, Peter F and De Souza, Peter V and Mercer, Robert L},
  booktitle={Proc. International Conference on Acoustics, Speech and Signal Processing  {(ICASSP)}},
  volume={86},
  pages={49--52},
  year={1986},
  organization={IEEE}  
}

@article{furui1986speaker,
  title={Speaker-independent isolated word recognition using dynamic features of speech spectrum},
  author={Furui, Sadaoki},
  journal={IEEE Transactions on Acoustics, Speech, and Signal Processing},
  volume={34},
  number={1},
  pages={52--59},
  year={1986},
  publisher={IEEE}
}

@article{rumelhart1986learning,
  title={Learning representations by back-propagating errors},
  author={Rumelhart, David E and Hinton, Geoffrey E and Williams, Ronald J},
  journal={NATURE},
  volume={323},
  number={6088},
  pages={533},
  year={1986},
  publisher={Nature Publishing Group}
}

@article{katz1987estimation,
  title={Estimation of probabilities from sparse data for the language model component of a speech recognizer},
  author={Katz, Slava},
  journal={IEEE Transactions on Acoustics, Speech, and Signal Processing},
  volume={35},
  number={3},
  pages={400--401},
  year={1987},
  publisher={IEEE}
}

@article{furui1989unsupervised,
  title={Unsupervised speaker adaptation based on hierarchical spectral clustering},
  author={Furui, Saduoki},
  journal={IEEE Transactions on Acoustics, Speech, and Signal Processing},
  volume={37},
  number={12},
  pages={1923--1930},
  year={1989},
  publisher={IEEE}
}

@inproceedings{bourlard1989continuous,
  title={A continuous speech recognition system embedding {MLP} into {HMM}.},
  author={Bourlard, Herv{\'e} and Morgan, Nelson},
  booktitle={Proc. Neural Information Processing Systems {(NIPS)}},
  volume={2},
  pages={186--193},
  year={1989}
}

@inproceedings{bourlard1989links,
  title={Links between {Markov} models and multilayer perceptrons},
  author={Bourlard, Herv{\'e} and Wellekens, Christian J},
  booktitle={Proc. Neural Information Processing Systems {(NIPS)}},
  pages={502--510},
  year={1989}
}

@article{hermansky1990perceptual,
  title={Perceptual linear predictive {(PLP)} analysis of speech},
  author={Hermansky, Hynek},
  journal={the Journal of the Acoustical Society of America},
  volume={87},
  number={4},
  pages={1738--1752},
  year={1990},
  publisher={ASA}
}

@inproceedings{schwartz1990n,
  title={The {N}-best algorithms: an efficient and exact procedure for finding the N most likely sentence hypotheses},
  author={Schwartz, Richard and Chow, Y-L},
  booktitle={Proc. International Conference on Acoustics, Speech and Signal Processing  {(ICASSP)}},
  pages={81--84},
  year={1990},
  organization={IEEE}
}

@inproceedings{morgan1990continuous,
  title={Continuous speech recognition using multilayer perceptrons with hidden Markov models},
  author={Morgan, Nelson and Bourlard, Herv{\'e}},
  booktitle={Proc. International Conference on Acoustics, Speech and Signal Processing  {(ICASSP)}},
  pages={413--416},
  year={1990},
  organization={IEEE}
}

@article{witten1991zero,
  title={The zero-frequency problem: estimating the probabilities of novel events in adaptive text compression},
  author={Witten, Ian H and Bell, Timothy C},
  journal={IEEE Transactions on Information Theory},
  volume={37},
  number={4},
  pages={1085--1094},
  year={1991},
  publisher={IEEE}
}

@inproceedings{bourlard1992cdnn,
  title={{CDNN}: a context dependent neural network for continuous speech recognition},
  author={Bourlard, Herv{\'e} and Morgan, Nelson and Wooters, Chuck and Renals, Steve},
  booktitle={Proc. International Conference on Acoustics, Speech and Signal Processing  {(ICASSP)}},
  volume={2},
  pages={349--352},
  year={1992},
  organization={IEEE}
}

@article{brown1992class,
  title={Class-based n-gram models of natural language},
  author={Brown, Peter F and Desouza, Peter V and Mercer, Robert L and Pietra, Vincent J Della and Lai, Jenifer C},
  journal={Computational linguistics},
  volume={18},
  number={4},
  pages={467--479},
  year={1992},
  publisher={MIT Press}
}

@inproceedings{paul1992design,
  title={The design for the {Wall Street Journal}-based CSR corpus},
  author={Paul, Douglas B and Baker, Janet M},
  booktitle={Proceedings of the workshop on Speech and Natural Language},
  pages={357--362},
  year={1992},
  organization={Association for Computational Linguistics}
}

@inproceedings{chou1993minimum,
  title={Minimum error rate training based on {N}-best string models},
  author={Chou, Wu and Lee, Chin-Hui and Juang, Biing-Hwang},
  booktitle={Proc. International Conference on Acoustics, Speech and Signal Processing  {(ICASSP)}},
  volume={2},
  pages={652--655},
  year={1993},
  organization={IEEE}  
}

@inproceedings{young1993use,
  title={The use of state tying in continuous speech recognition},
  author={Young, Steve J and Woodland, Philip C},
  booktitle={Proc. European Conference on Speech Communication and Technology  {(EUROSPEECH)}},
  volume={3},
  pages={2203--2206},
  year={1993},
  organization={European Speech Communication Association}
}

@article{gauvain1994maximum,
  title={Maximum a posteriori estimation for multivariate Gaussian mixture observations of Markov chains},
  author={Gauvain, J-L and Lee, Chin-Hui},
  journal={IEEE Transactions on Speech and Audio Processing},
  volume={2},
  number={2},
  pages={291--298},
  year={1994},
  publisher={IEEE}
}

@inproceedings{young1994tree,
  title={Tree-based state tying for high accuracy acoustic modelling},
  author={Young, Steve J and Odell, Julian J and Woodland, Philip C},
  booktitle={Proceedings of the workshop on Human Language Technology},
  pages={307--312},
  year={1994},
  organization={Association for Computational Linguistics}
}

@inproceedings{woodland1994large,
  title={Large vocabulary continuous speech recognition using HTK},
  author={Woodland, Philip C and Odell, Julian J and Valtchev, Valtcho and Young, Steve J},
  booktitle={Proc. International Conference on Acoustics, Speech and Signal Processing  {(ICASSP)}},
  volume={2},
  pages={II--125},
  year={1994},
  organization={IEEE}
}

@article{bengio1994learning,
  title={Learning long-term dependencies with gradient descent is difficult},
  author={Bengio, Yoshua and Simard, Patrice and Frasconi, Paolo},
  journal={IEEE Transactions on Neural Networks},
  volume={5},
  number={2},
  pages={157--166},
  year={1994},
  publisher={IEEE}
}

@article{digalakis1995speaker,
  title={Speaker adaptation using constrained estimation of Gaussian mixtures},
  author={Digalakis, Vassilios V and Rtischev, Dimitry and Neumeyer, Leonardo G},
  journal={IEEE Transactions on Speech and Audio Processing},
  volume={3},
  number={5},
  pages={357--366},
  year={1995},
  publisher={IEEE}
}

@inproceedings{neto1995speaker,
  title={Speaker-adaptation for hybrid {HMM-ANN} continuous speech recognition system},
  author={Neto, Joao and Almeida, Lu{\'\i}s and Hochberg, Mike and Martins, Ciro and Nunes, Lu{\'\i}s and Renals, Steve and Robinson, Tony},
  year={1995},
  publisher={Proc. Annual Conference of International Speech Communication Association {(INTERSPEECH)}}
}

@article{leggetter1995maximum,
  title={Maximum likelihood linear regression for speaker adaptation of continuous density hidden Markov models},
  author={Leggetter, Christopher J and Woodland, Philip C},
  journal={Computer Speech \& Language},
  volume={9},
  number={2},
  pages={171--185},
  year={1995},
  publisher={Elsevier}
}

@inproceedings{neumeyer1995comparative,
  title={A comparative study of speaker adaptation techniques},
  author={Neumeyer, Leonardo and Sankar, Ananth and Digalakis, Vassilios},
  booktitle={Proc. European Conference on Speech Communication and Technology  {(EUROSPEECH)}},
  year={1995}
}
@INPROCEEDINGS{zhc00-chen-icassp19,
    AUTHOR    =  {Zhehuai Chen and Mahaveer Jain and Yongqiang Wang and Michael Seltzer and Christian Fuegen},
    TITLE     =  {End-to-end Contextual Spebech Recognition using Class Language Models and a Token Passing Decoder},
    BOOKTITLE =  {IEEE International Conference on Acoustics, Speech and Signal Processing(ICASSP)},
    ADDRESS   =  {Brighton, UK},
    YEAR      =  {2019}
}
@inproceedings{woodland1995development,
  title={The development of the 1994 {HTK} large vocabulary speech recognition system},
  author={Woodland, Philip C and Leggetter, Christopher J and Odell, JJ and Valtchev, V and Young, Steve J},
  booktitle={Proceedings ARPA workshop on spoken language systems technology},
  pages={104--109},
  year={1995}
}
@article{chen1999empirical,
  title={An empirical study of smoothing techniques for language modeling},
  author={Chen, Stanley F and Goodman, Joshua},
  journal={Computer Speech \& Language},
  volume={13},
  number={4},
  pages={359--394},
  year={1999},
  publisher={Elsevier}
}
@article{ney1995estimation,
  title={On the estimation of 'small' probabilities by leaving-one-out},
  author={Ney, Hermann and Essen, Ute and Kneser, Reinhard},
  journal={IEEE Transactions on Pattern Analysis and Machine Intelligence},
  volume={17},
  number={12},
  pages={1202--1212},
  year={1995},
  publisher={IEEE}
}

@inproceedings{siegler1995effects,
  title={On the effects of speech rate in large vocabulary speech recognition systems},
  author={Siegler, Matthew A and Stern, Richard M},
  booktitle={Proc. International Conference on Acoustics, Speech and Signal Processing  {(ICASSP)}},
  volume={1},
  pages={612--615},
  year={1995},
  organization={IEEE}
}

@inproceedings{anastasakos1996compact,
  title={A compact model for speaker-adaptive training},
  author={Anastasakos, Tasos and McDonough, John and Schwartz, Richard and Makhoul, John},
  booktitle={Proc. International Conference on Spoken Language Processing  {(ICSLP)}},
  volume={2},
  pages={1137--1140},
  year={1996},
  organization={IEEE}
}

@inproceedings{lee1996speaker,
  title={Speaker normalization using efficient frequency warping procedures},
  author={Lee, Li and Rose, Richard C},
  booktitle={Proc. International Conference on Acoustics, Speech and Signal Processing  {(ICASSP)}},
  volume={1},
  pages={353--356},
  year={1996},
  organization={IEEE}
}

@article{gales1996mean,
  title={Mean and variance adaptation within the {MLLR} framework},
  author={Gales, Mark JF and Woodland, Philip C},
  journal={Computer Speech \& Language},
  volume={10},
  number={4},
  pages={249--264},
  year={1996},
  publisher={Elsevier}
}

@article{juang1997minimum,
  title={Minimum classification error rate methods for speech recognition},
  author={Juang, Biing-Hwang and Hou, Wu and Lee, Chin-Hui},
  journal={IEEE Transactions on Speech and Audio Processing},
  volume={5},
  number={3},
  pages={257--265},
  year={1997},
}

@inproceedings{pye1997experiments,
  title={Experiments in speaker normalisation and adaptation for large vocabulary speech recognition},
  author={Pye, David and Woodland, Philip C},
  booktitle={Proc. International Conference on Acoustics, Speech and Signal Processing  {(ICASSP)}},
  volume={2},
  pages={1047--1050},
  year={1997},
  organization={IEEE}
}

@article{hochreiter1997long,
  title={Long short-term memory},
  author={Hochreiter, Sepp and Schmidhuber, J{\"u}rgen},
  journal={Neural Computation},
  volume={9},
  number={8},
  pages={1735--1780},
  year={1997},
  publisher={MIT Press}
}

@article{ortmanns1997word,
  title={A word graph algorithm for large vocabulary continuous speech recognition},
  author={Ortmanns, Stefan and Ney, Hermann and Aubert, Xavier},
  journal={Computer Speech \& Language},
  volume={11},
  number={1},
  pages={43--72},
  year={1997},
  publisher={Elsevier}
}

@inproceedings{morgan1997speech,
  title={Speech recognition using on-line estimation of speaking rate},
  author={Morgan, Nelson and Fosler, Eric and Mirghafori, Nikki},
  booktitle={Proc. European Conference on Speech Communication and Technology  {(EUROSPEECH)}},
  year={1997}
}

@inproceedings{kuhn1998eigenvoices,
  title={Eigenvoices for speaker adaptation.},
  author={Kuhn, Roland and Nguyen, Patrick and Junqua, Jean-Claude and Goldwasser, Lloyd and Niedzielski, Nancy and Fincke, Steven and Field, Kenneth L and Contolini, Matteo},
  booktitle={Proc. International Conference on Spoken Language Processing  {(ICSLP)}},
  volume={98},
  pages={1774--1777},
  year={1998}
}

@inproceedings{gales1998cluster,
  title={Cluster adaptive training for speech recognition.},
  author={Gales, Mark JF},
  booktitle={Proc. International Conference on Spoken Language Processing  {(ICSLP)}},
  volume={1998},
  pages={1783--1786},
  year={1998}
}

@article{gales1998maximum,
  title={Maximum likelihood linear transformations for {HMM}-based speech recognition},
  author={Gales, Mark JF},
  journal={Computer Speech \& Language},
  volume={12},
  number={2},
  pages={75--98},
  year={1998},
  publisher={Elsevier}
}

@article{kumar1998heteroscedastic,
  title={Heteroscedastic discriminant analysis and reduced rank {HMM}s for improved speech recognition},
  author={Kumar, Nagendra and Andreou, Andreas G},
  journal={Speech Communication},
  volume={26},
  number={4},
  pages={283--297},
  year={1998},
  publisher={Elsevier}
}

@article{lecun1998gradient,
  title={Gradient-based learning applied to document recognition},
  author={LeCun, Yann and Bottou, L{\'e}on and Bengio, Yoshua and Haffner, Patrick},
  journal={Proceedings of the IEEE},
  volume={86},
  number={11},
  pages={2278--2324},
  year={1998},
  publisher={IEEE}
}

@article{bottou1998online,
  title={Online learning and stochastic approximations},
  author={Bottou, L{\'e}on},
  journal={On-line learning in neural networks},
  volume={17},
  number={9},
  pages={142},
  year={1998},
  publisher={Cambridge Univ. Press}
}

@incollection{lecun1998efficient,
  title={Efficient backprop},
  author={LeCun, Yann and Bottou, L{\'e}on and Orr, Genevieve B and M{\"u}ller, Klaus-Robert},
  booktitle={Neural networks: Tricks of the trade},
  pages={9--50},
  year={1998},
  publisher={Springer}
}

@ARTICLE{Gales99clusteradaptive,
    author = {Gales, Mark JF},
    title = {Cluster Adaptive Training Of Hidden Markov Models},
    journal = {IEEE Transactions on Speech and Audio Processing},
    year = {1999},
    volume = {8},
    pages = {417--428}
}

@inproceedings{gildea1999topic,
  title={Topic-based language models using EM},
  author={Gildea, Daniel and Hofmann, Thomas},
  booktitle={Proc. European Conference on Speech Communication and Technology  {(EUROSPEECH)}},
  year={1999}
}

@inproceedings{hofmann1999probabilistic,
  title={Probabilistic latent semantic analysis},
  author={Hofmann, Thomas},
  booktitle={Proceedings of the Fifteenth conference on Uncertainty in artificial intelligence},
  pages={289--296},
  year={1999},
  organization={Morgan Kaufmann Publishers Inc.}
}

@article{goel2000minimum,
  title={Minimum {Bayes}-risk automatic speech recognition},
  author={Goel, Vaibhava and Byrne, William J},
  journal={Computer Speech \& Language},
  volume={14},
  number={2},
  pages={115--135},
  year={2000},
}

@article{kuhn2000rapid,
  title={Rapid speaker adaptation in eigenvoice space},
  author={Kuhn, Roland and Junqua, Jean-Claude and Nguyen, Patrick and Niedzielski, Nancy},
  journal={IEEE Transactions on Speech and Audio Processing},
  volume={8},
  number={6},
  pages={695--707},
  year={2000},
  publisher={IEEE}
}

@article{mangu2000finding,
  title={Finding consensus in speech recognition: word error minimization and other applications of confusion networks},
  author={Mangu, Lidia and Brill, Eric and Stolcke, Andreas},
  journal={Computer Speech \& Language},
  volume={14},
  number={4},
  pages={373--400},
  year={2000},
  publisher={Elsevier}
}

@article{schluter2001comparison,
  title={Comparison of discriminative training criteria and optimization methods for speech recognition},
  author={Schl{\"u}ter, Ralf and Macherey, Wolfgang and M{\"u}ller, Boris and Ney, Hermann},
  journal={Speech Communication},
  volume={34},
  number={3},
  pages={287--310},
  year={2001},
}

@inproceedings{povey2001improved,
  title={Improved discriminative training techniques for large vocabulary continuous speech recognition},
  author={Povey, Daniel and Woodland, Philip C},
  booktitle={Proc. International Conference on Acoustics, Speech and Signal Processing  {(ICASSP)}},
  volume={1},
  pages={45--48},
  year={2001},
  organization={IEEE}
}

@inproceedings{gales2001adaptive,
  title={Adaptive training for robust {ASR}},
  author={Gales, Mark JF},
  booktitle={Proc. IEEE Workshop on Automatic Speech Recognition and Understanding  {(ASRU)}},
  pages={15--20},
  year={2001},
  organization={IEEE}
}

@inproceedings{gales2001multiple,
  title={Multiple-cluster adaptive training schemes},
  author={Gales, Mark JF},
  booktitle={Proc. International Conference on Acoustics, Speech and Signal Processing  {(ICASSP)}},
  volume={1},
  pages={361--364},
  year={2001},
  organization={IEEE}
}

@article{trentin2001survey,
  title={A survey of hybrid {ANN/HMM} models for automatic speech recognition},
  author={Trentin, Edmondo and Gori, Marco},
  journal={Neurocomputing},
  volume={37},
  number={1-4},
  pages={91--126},
  year={2001},
  publisher={Elsevier}
}

@inproceedings{woodland2001speaker,
  title={Speaker adaptation for continuous density {HMM}s: A review},
  author={Woodland, Philip C},
  booktitle={ISCA Tutorial and Research Workshop (ITRW) on Adaptation Methods for Speech Recognition},
  year={2001},
}

@article{young2002htk,
  title={The {HTK} book},
  author={Young, Steve J and Evermann, Gunnar and Gales, Mark JF and Hain, Thomas and Kershaw, Dan and Liu, Xunying and Moore, Gareth and Odell, Julian and Ollason, Dave and Povey, Dan and others},
  journal={Cambridge university engineering department},
  volume={3},
  pages={175},
  year={2002}
}

@article{mohri2002weighted,
  title={Weighted finite-state transducers in speech recognition},
  author={Mohri, Mehryar and Pereira, Fernando and Riley, Michael},
  journal={Computer Speech \& Language},
  volume={16},
  number={1},
  pages={69--88},
  year={2002},
  publisher={Elsevier}
}

@article{pearce2002aurora,
  title={Aurora working group: {DSR} front end {LVCSR} evaluation AU/384/02},
  author={Pearce, David and Picone, J},
  journal={Inst. for Signal \& Inform. Process., Mississippi State Univ., Tech. Rep},
  year={2002}
}

@article{robinson2002connectionist,
  title={Connectionist speech recognition of broadcast news},
  author={Robinson, Anthony J and Cook, Gary D and Ellis, Daniel PW and Fosler-Lussier, Eric and Renals, SJ and Williams, DAG},
  journal={Speech Communication},
  volume={37},
  number={1-2},
  pages={27--45},
  year={2002},
  publisher={Elsevier}
}

@article{blei2003latent,
  title={Latent dirichlet allocation},
  author={Blei, David M and Ng, Andrew Y and Jordan, Michael I},
  journal={Journal of Machine Learning Research},
  volume={3},
  number={Jan},
  pages={993--1022},
  year={2003}
}

@inproceedings{mrva2004plsa,
  title={A PLSA-based language model for conversational telephone speech},
  author={Mrva, David and Woodland, Philip C},
  booktitle={Proc. International Conference on Spoken Language Processing  {(ICSLP)}},
  year={2004}
}

@phdthesis{povey2005discriminative,
  title={Discriminative training for large vocabulary speech recognition},
  author={Povey, Daniel},
  year={2005},
  school={University of Cambridge}
}

@article{hain2005automatic,
  title={Automatic transcription of conversational telephone speech},
  author={Hain, Thomas and Woodland, Philip C and Evermann, Gunnar and Gales, Mark JF and Liu, Xunying and Moore, Gareth L and Povey, Daniel and Wang, Lan},
  journal={IEEE Transactions on Speech and Audio Processing},
  volume={13},
  number={6},
  pages={1173--1185},
  year={2005},
  publisher={IEEE}
}

@article{hinton2006fast,
  title={A fast learning algorithm for deep belief nets},
  author={Hinton, Geoffrey E and Osindero, Simon and Teh, Yee-Whye},
  journal={Neural computation},
  volume={18},
  number={7},
  pages={1527--1554},
  year={2006},
  publisher={MIT Press}
}

@inproceedings{tam2006unsupervised,
  title={Unsupervised language model adaptation using latent semantic marginals},
  author={Tam, Yik-Cheung and Schultz, Tanja},
  booktitle={Proc. International Conference on Spoken Language Processing  {(ICSLP)}},
  year={2006}
}

@article{teh2006Hierarchical,
  title={Hierarchical Dirichlet processes},
  author={Teh, Yee-Whye and Jordan, Michael I and Beal, Matthew and Blei, David M},
  journal={Journal of the American Statistical Association},
  year={2006},
}

@inproceedings{albesano2006adaptation,
  title={Adaptation of artificial neural networks avoiding catastrophic forgetting},
  author={Albesano, Dario and Gemello, Roberto and Laface, Pietro and Mana, Franco and Scanzio, Stefano},
  booktitle={Proc. International Conference on Neural Networks {(IJCNN)}},
  pages={1554--1561},
  year={2006},
  organization={IEEE}
}

@inproceedings{li2006regularized,
  title={Regularized adaptation of discriminative classifiers},
  author={Li, Xiao and Bilmes, Jeff},
  booktitle={Proc. International Conference on Acoustics, Speech and Signal Processing  {(ICASSP)}},
  volume={1},
  year={2006},
  organization={IEEE}
}

@article{yu2006discriminative,
  title={Discriminative cluster adaptive training},
  author={Yu, Kai and Gales, Mark JF},
  journal={IEEE Transactions on Audio, Speech, and Language Processing},
  volume={14},
  number={5},
  pages={1694--1703},
  year={2006},
  publisher={IEEE}
}

@article{gemello2007linear,
  title={Linear hidden transformations for adaptation of hybrid {ANN/HMM} models},
  author={Gemello, Roberto and Mana, Franco and Scanzio, Stefano and Laface, Pietro and De Mori, Renato},
  journal={Speech Communication},
  volume={49},
  number={10},
  pages={827--835},
  year={2007},
  publisher={Elsevier}
}

@article{bengio2007greedy,
  title={Greedy layer-wise training of deep networks},
  author={Bengio, Yoshua and Lamblin, Pascal and Popovici, Dan and Larochelle, Hugo and others},
  journal={Advances in neural information processing systems},
  volume={19},
  pages={153},
  year={2007},
  publisher={MIT; 1998}
}

@article{phan2007gibbslda,
  title={GibbsLDA++: AC/C++ implementation of latent Dirichlet allocation (LDA)},
  author={Phan, Xuan-Hieu and Nguyen, Cam-Tu},
  journal={Tech. rep.},
  year={2007}
}

@inproceedings{mikolov2010recurrent,
  title={Recurrent neural network based language model.},
  author={Mikolov, Tom{\'a}{\v{s}} and Karafi{\'a}t, Martin and Burget, Lukas and Cernock{\`y}, Jan and Khudanpur, Sanjeev},
  booktitle={Proc. Annual Conference of International Speech Communication Association {(INTERSPEECH)}},
  volume={2},
  pages={3},
  year={2010}
}

@inproceedings{li2010comparison,
  title={Comparison of discriminative input and output transformations for speaker adaptation in the hybrid {NN/HMM} systems.},
  author={Li, Bo and Sim, Khe Chai},
  booktitle={Proc. Annual Conference of International Speech Communication Association {(INTERSPEECH)}},
  pages={526--529},
  year={2010}
}

@inproceedings{trmal2010adaptation,
  title={Adaptation of a feedforward artificial neural network using a linear transform},
  author={Trmal, Jan and Zelinka, Jan and M{\"u}ller, Lud{\v{e}}k},
  booktitle={Text, Speech and Dialogue},
  pages={423--430},
  year={2010},
  organization={Springer}
}

@inproceedings{boureau2010theoretical,
  title={A theoretical analysis of feature pooling in visual recognition},
  author={Boureau, Y-Lan and Ponce, Jean and LeCun, Yann},
  booktitle={Proc. International Conference on Machine Learning {(ICML)}},
  pages={111--118},
  year={2010}
}

@inproceedings{park2010improved,
  title={Improved neural network based language modelling and adaptation},
  author={Park, Junho and Liu, Xunying and Gales, Mark JF and Woodland, Philip C},
  booktitle={Proc. Annual Conference of International Speech Communication Association {(INTERSPEECH)}},
  year={2010}
}

@inproceedings{yu2010roles,
  title={Roles of pre-training and fine-tuning in context-dependent {DBN-HMM}s for real-world speech recognition},
  author={Yu, Dong and Deng, Li and Dahl, George E},
  booktitle={Proc. Neural Information Processing Systems {(NIPS)}},
  year={2010}
}

@inproceedings{seide2011feature,
  title={Feature engineering in context-dependent deep neural networks for conversational speech transcription},
  author={Seide, Frank and Li, Gang and Chen, Xie and Yu, Dong},
  booktitle={Proc. IEEE Workshop on Automatic Speech Recognition and Understanding  {(ASRU)}},
  pages={24--29},
  year={2011},
  organization={IEEE}
}

@inproceedings{recht2011hogwild,
  title={Hogwild: A lock-free approach to parallelizing stochastic gradient descent},
  author={Recht, Benjamin and Re, Christopher and Wright, Stephen and Niu, Feng},
  booktitle={Proc. Neural Information Processing Systems {(NIPS)}},
  pages={693--701},
  year={2011}
}

@inproceedings{seide2011conversational,
  title={Conversational speech transcription using context-dependent deep neural networks.},
  author={Seide, Frank and Li, Gang and Yu, Dong},
  booktitle={Proc. Annual Conference of International Speech Communication Association {(INTERSPEECH)}},
  pages={437--440},
  year={2011}
}

@article{dehak2011front,
  title={Front-end factor analysis for speaker verification},
  author={Dehak, Najim and Kenny, Patrick J and Dehak, R{\'e}da and Dumouchel, Pierre and Ouellet, Pierre},
  journal={IEEE Transactions on Audio, Speech, and Language Processing},
  volume={19},
  number={4},
  pages={788--798},
  year={2011},
  publisher={IEEE}
}

@inproceedings{glembek2011simplification,
  title={Simplification and optimization of i-vector extraction},
  author={Glembek, Ond{\v{r}}ej and Burget, Luk{\'a}{\v{s}} and Mat{\v{e}}jka, Pavel and Karafi{\'a}t, Martin and Kenny, Patrick},
  booktitle={Proc. International Conference on Acoustics, Speech and Signal Processing  {(ICASSP)}},
  pages={4516--4519},
  year={2011},
  organization={IEEE}
}

@inproceedings{kumar2011gammatone,
  title={Gammatone sub-band magnitude-domain dereverberation for {ASR}},
  author={Kumar, Kshitiz and Singh, Rita and Raj, Bhiksha and Stern, Richard},
  booktitle={Proc. International Conference on Acoustics, Speech and Signal Processing  {(ICASSP)}},
  pages={4604--4607},
  year={2011},
  organization={IEEE}
}

@inproceedings{povey2011kaldi,
  title={ The kaldi speech recognition toolkit },
  author={Povey, Daniel and Ghoshal, Arnab and Boulianne, Gilles and Burget, Lukas and Glembek, Ondrej and Goel, Nagendra and Hannemann, Mirko and Motlicek, Petr and Qian, Yanmin and Schwarz, Petr and others},
  booktitle={Proc. IEEE Workshop on Automatic Speech Recognition and Understanding  {(ASRU)}},
  year={2011},
  organization={IEEE Signal Processing Society}
}

@article{mikolov2012statistical,
  title={Statistical language models based on neural networks},
  author={Mikolov, Tom{\'a}{\v{s}}},
  journal={Presentation at Google, Mountain View, 2nd April},
  year={2012}
}

@article{CD-DNN-HMM-dahl2012,
  title={Context-dependent pre-trained deep neural networks for large-vocabulary speech recognition},
  author={Dahl, George E and Yu, Dong and Deng, Li and Acero, Alex},
  journal={IEEE Transactions on Audio, Speech, and Language Processing},
  volume={20},
  pages={30--42},
  year={2012},
}

@article{DNN4ASR-hinton2012,
  title={Deep neural networks for acoustic modeling in speech recognition: the shared views of four research groups},
  author={Hinton, Geoffrey E and Deng, Li and Yu, Dong and Dahl, George E and Mohamed, Abdel-rahman and Jaitly, Navdeep and Senior, Andrew and Vanhoucke, Vincent and Nguyen, Patrick and Sainath, Tara N and others},
  journal={IEEE Signal Processing Magazine},
  volume={29},
  pages={82--97},
  year={2012},
}

@book{bourlard2012connectionist,
  title={Connectionist speech recognition: a hybrid approach},
  author={Bourlard, Herv{\'e} and Morgan, Nelson},
  volume={247},
  year={2012},
  publisher={Springer Science \& Business Media}
}

@inproceedings{yu2012exploiting,
  title={Exploiting sparseness in deep neural networks for large vocabulary speech recognition},
  author={Yu, Dong and Seide, Frank and Li, Gang and Deng, Li},
  booktitle={Proc. International Conference on Acoustics, Speech and Signal Processing  {(ICASSP)}},
  pages={4409--4412},
  year={2012},
  organization={IEEE}
}

@inproceedings{abdel2012applying,
  title={Applying convolutional neural networks concepts to hybrid NN-HMM model for speech recognition},
  author={Abdel-Hamid, Ossama and Mohamed, Abdel-rahman and Jiang, Hui and Penn, Gerald},
  booktitle={Proc. International Conference on Acoustics, Speech and Signal Processing  {(ICASSP)}},
  pages={4277--4280},
  year={2012},
  organization={IEEE}
}

@article{hain2012transcribing,
  title={Transcribing meetings with the AMIDA systems},
  author={Hain, Thomas and Burget, Luk{\'a}{\v{s}} and Dines, John and Garner, Philip N and Gr{\'e}zl, Franti{\v{s}}ek and El Hannani, Asmaa and Huijbregts, Marijn and Karafiat, Martin and Lincoln, Mike and Wan, Vincent},
  journal={IEEE Transactions on Audio, Speech, and Language Processing},
  volume={20},
  number={2},
  pages={486--498},
  year={2012},
  publisher={IEEE}
}

@article{mohamed2012acoustic,
  title={Acoustic modeling using deep belief networks},
  author={Mohamed, Abdel-rahman and Dahl, George E and Hinton, Geoffrey E},
  journal={IEEE Transactions on Audio, Speech, and Language Processing},
  volume={20},
  number={1},
  pages={14--22},
  year={2012},
  publisher={IEEE}
}

@inproceedings{li2012improving,
  title={Improving wideband speech recognition using mixed-bandwidth training data in CD-DNN-HMM},
  author={Li, Jinyu and Yu, Dong and Huang, Jui-Ting and Gong, Yu},
  booktitle={Proc. {IEEE} Spoken Language Technology Workshop  {(SLT)}},
  pages={131--136},
  year={2012},
  organization={IEEE}
}

@inproceedings{yao2012adaptation,
  title={Adaptation of context-dependent deep neural networks for automatic speech recognition.},
  author={Yao, Kaisheng and Yu, Dong and Seide, Frank and Su, Hang and Deng, Li and Gong, Yifan},
  booktitle={Proc. {IEEE} Spoken Language Technology Workshop  {(SLT)}},
  pages={366--369},
  year={2012}
}

@inproceedings{xiao2012initial,
  title={A initial attempt on task-specific adaptation for deep neural network-based large vocabulary continuous speech recognition.},
  author={Xiao, Yeming and Zhang, Zhen and Cai, Shang and Pan, Jielin and Yan, Yonghong},
  booktitle={Proc. Annual Conference of International Speech Communication Association {(INTERSPEECH)}},
  year={2012}
}

@inproceedings{siniscalchi2012hermitian,
  title={Hermitian based hidden activation functions for adaptation of hybrid HMM/ANN models.},
  author={Siniscalchi, Sabato Marco and Li, Jinyu and Lee, Chin-Hui},
  booktitle={Proc. Annual Conference of International Speech Communication Association {(INTERSPEECH)}},
  year={2012}
}

@inproceedings{wu2012factored,
  title={Factored recurrent neural network language model in TED lecture transcription},
  author={Wu, Youzheng and Yamamoto, Hitoshi and Lu, Xugang and Matsuda, Shigeki and Hori, Chiori and Kashioka, Hideki},
  booktitle={IWProc. {IEEE} Spoken Language Technology Workshop  {(SLT)}},
  year={2012}
}

@article{mikolov2012context,
  title={Context dependent recurrent neural network language model},
  author={Mikolov, Tom{\'a}{\v{s}} and Zweig, Geoffrey},
  journal={Proc. {IEEE} Spoken Language Technology Workshop  {(SLT)}},
  volume={12},
  pages={234--239},
  year={2012}
}

@inproceedings{wen2013recurrent,
  title={Recurrent neural network based personalized language modeling by social network crowdsourcing},
  author={Wen, Tsung-Hsien and Heidel, Aaron and Lee, Hung-Yi and Tsao, Yu and Lee, Lin-Shan},
  booktitle={Proc. Annual Conference of International Speech Communication Association {(INTERSPEECH)}},
  year={2013}
}

@inproceedings{zhang2013asynchronous,
  title={Asynchronous stochastic gradient descent for DNN training},
  author={Zhang, Shanshan and Zhang, Ce and You, Zhao and Zheng, Rong and Xu, Bo},
  booktitle={Proc. International Conference on Acoustics, Speech and Signal Processing  {(ICASSP)}},
  pages={6660--6663},
  year={2013},
  organization={IEEE}
}

@inproceedings{sainath2013low,
  title={Low-rank matrix factorization for deep neural network training with high-dimensional output targets},
  author={Sainath, Tara N and Kingsbury, Brian and Sindhwani, Vikas and Arisoy, Ebru and Ramabhadran, Bhuvana},
  booktitle={Proc. International Conference on Acoustics, Speech and Signal Processing  {(ICASSP)}},
  pages={6655--6659},
  year={2013},
  organization={IEEE}
}

@inproceedings{xue2013restructuring,
  title={Restructuring of deep neural network acoustic models with singular value decomposition.},
  author={Xue, Jian and Li, Jinyu and Gong, Yifan},
  booktitle={Proc. Annual Conference of International Speech Communication Association {(INTERSPEECH)}},
  pages={2365--2369},
  year={2013}
}

@inproceedings{graves2013speech,
  title={Speech recognition with deep recurrent neural networks},
  author={Graves, Alex and Mohamed, Abdel-rahman and Hinton, Geoffrey E},
  booktitle={Proc. International Conference on Acoustics, Speech and Signal Processing  {(ICASSP)}},
  pages={6645--6649},
  year={2013},
  organization={IEEE}
}

@inproceedings{graves2013hybrid,
  title={Hybrid speech recognition with deep bidirectional LSTM},
  author={Graves, Alex and Jaitly, Navdeep and Mohamed, Abdel-rahman},
  booktitle={Proc. IEEE Workshop on Automatic Speech Recognition and Understanding  {(ASRU)}},
  pages={273--278},
  year={2013},
  organization={IEEE}
}

@inproceedings{sainath2013deep,
  title={Deep convolutional neural networks for LVCSR},
  author={Sainath, Tara N and Mohamed, Abdel-rahman and Kingsbury, Brian and Ramabhadran, Bhuvana},
  booktitle={Proc. International Conference on Acoustics, Speech and Signal Processing  {(ICASSP)}},
  pages={8614--8618},
  year={2013},
  organization={IEEE}
}

@inproceedings{abdel2013exploring,
  title={Exploring convolutional neural network structures and optimization techniques for speech recognition.},
  author={Abdel-Hamid, Ossama and Deng, Li and Yu, Dong},
  booktitle={Proc. Annual Conference of International Speech Communication Association {(INTERSPEECH)}},
  pages={3366--3370},
  year={2013}
}

@inproceedings{vesely2013sequence,
  title={Sequence-discriminative training of deep neural networks.},
  author={Vesel{\`y}, Karel and Ghoshal, Arnab and Burget, Luk{\'a}s and Povey, Daniel},
  booktitle={Proc. Annual Conference of International Speech Communication Association {(INTERSPEECH)}},
  pages={2345--2349},
  year={2013}
}

@inproceedings{su2013error,
  title={Error back propagation for sequence training of context-dependent deep networks for conversational speech transcription},
  author={Su, Hang and Li, Gang and Yu, Dong and Seide, Frank},
  booktitle={Proc. International Conference on Acoustics, Speech and Signal Processing  {(ICASSP)}},
  pages={6664--6668},
  year={2013},
  organization={IEEE}
}

@inproceedings{yu2013kl,
  title={KL-divergence regularized deep neural network adaptation for improved large vocabulary speech recognition},
  author={Yu, Dong and Yao, Kaisheng and Su, Hang and Li, Gang and Seide, Frank},
  booktitle={Proc. International Conference on Acoustics, Speech and Signal Processing  {(ICASSP)}},
  pages={7893--7897},
  year={2013},
  organization={IEEE}
}

@inproceedings{abdel2013fast,
  title={Fast speaker adaptation of hybrid NN/HMM model for speech recognition based on discriminative learning of speaker code},
  author={Abdel-Hamid, Ossama and Jiang, Hui},
  booktitle={Proc. International Conference on Acoustics, Speech and Signal Processing  {(ICASSP)}},
  pages={7942--7946},
  year={2013},
  organization={IEEE}
}

@inproceedings{saon2013speaker,
  title={Speaker adaptation of neural network acoustic models using i-vectors},
  author={Saon, George and Soltau, Hagen and Nahamoo, David and Picheny, Michael},
  booktitle={Proc. IEEE Workshop on Automatic Speech Recognition and Understanding  {(ASRU)}},
  pages={55--59},
  year={2013},
  organization={IEEE}
}

@inproceedings{seltzer2013investigation,
  title={An investigation of deep neural networks for noise robust speech recognition},
  author={Seltzer, Michael L and Yu, Dong and Wang, Yongqiang},
  booktitle={Proc. International Conference on Acoustics, Speech and Signal Processing  {(ICASSP)}},
  pages={7398--7402},
  year={2013},
  organization={IEEE}
}

@inproceedings{liao2013speaker,
  title={Speaker adaptation of context dependent deep neural networks},
  author={Liao, Hank},
  booktitle={Proc. International Conference on Acoustics, Speech and Signal Processing  {(ICASSP)}},
  pages={7947--7951},
  year={2013},
  organization={IEEE}
}

@inproceedings{bell2013multi,
  title={Multi-level adaptive networks in tandem and hybrid ASR systems},
  author={Bell, Peter J and Swietojanski, Pawe{\l} and Renals, Steve},
  booktitle={Proc. International Conference on Acoustics, Speech and Signal Processing  {(ICASSP)}},
  pages={6975--6979},
  year={2013},
  organization={IEEE}
}

@inproceedings{shi2013k,
  title={K-component recurrent neural network language models using curriculum learning},
  author={Shi, Yangyang and Larson, Martha and Jonker, Catholijn M},
  booktitle={Proc. IEEE Workshop on Automatic Speech Recognition and Understanding  {(ASRU)}},
  pages={1--6},
  year={2013},
  organization={IEEE}
}

@inproceedings{lanchantin2013automatic,
  title={Automatic transcription of multi-genre media archives},
  author={Lanchantin, Pierre and Bell, Peter J and Gales, Mark JF and Hain, Thomas and Liu, Xunying and Long, Yanhua and Quinnell, Jennifer and Renals, Steve and Saz, Oscar and Seigel, Matt S and others},
  booktitle={First Workshop on Speech, Language and Audio in Multimedia},
  year={2013}
}

@phdthesis{shi2014language,
  title={Language models with meta-information},
  author={Shi, Yangyang},
  year={2014},
  school={Citeseer}
}

@inproceedings{ochiai2014speaker,
  title={Speaker Adaptive Training using Deep Neural Networks},
  author={Ochiai, Tsubasa and Matsuda, Shigeki and Lu, Xugang and Hori, Chiori and Katagiri, Shigeru},
  booktitle={Proc. International Conference on Acoustics, Speech and Signal Processing  {(ICASSP)}},
  pages={6349--6353},
  year={2014},
  organization={IEEE}
}

@inproceedings{xue2014direct,
  title={Direct adaptation of hybrid DNN/HMM model for fast speaker adaptation in LVCSR based on speaker code},
  author={Xue, Shaofei and Abdel-Hamid, Ossama and Jiang, Hui and Dai, Lirong},
  booktitle={Proc. International Conference on Acoustics, Speech and Signal Processing  {(ICASSP)}},
  pages={6339--6343},
  year={2014},
  organization={IEEE}
}

@book{ASRBook-Yu2014,
  title={Automatic Speech Recognition: A Deep Learning Approach},
  author={Yu, Dong and Deng, Li},
  isbn={9781447157793},
  series={Signals and Communication Technology},
  url={https://books.google.com/books?id=rUBTBQAAQBAJ},
  year={2014},
  publisher={Springer London}
}

@inproceedings{deng2014stochastic,
  title={Stochastic data sweeping for fast DNN training},
  author={Deng, Wei and Qian, Yanmin and Fan, Yuchen and Fu, Tianfan and Yu, Kai},
  booktitle={Proc. International Conference on Acoustics, Speech and Signal Processing  {(ICASSP)}},
  pages={240--244},
  year={2014},
  organization={IEEE}
}

@inproceedings{he2014reshaping,
  title={Reshaping deep neural network for fast decoding by node-pruning},
  author={He, Tianxing and Fan, Yuchen and Qian, Yanmin and Tan, Tian and Yu, Kai},
  booktitle={Proc. International Conference on Acoustics, Speech and Signal Processing  {(ICASSP)}},
  pages={245--249},
  year={2014},
  organization={IEEE}
}

@article{simonyan2014very,
  title={Very deep convolutional networks for large-scale image recognition},
  author={Simonyan, Karen and Zisserman, Andrew},
  journal={arXiv preprint arXiv:1409.1556},
  year={2014}
}

@article{sak2014long,
  title={Long short-term memory based recurrent neural network architectures for large vocabulary speech recognition},
  author={Sak, Ha{\c{s}}im and Senior, Andrew and Beaufays, Fran{\c{c}}oise},
  journal={arXiv preprint arXiv:1402.1128},
  year={2014}
}

@article{abdel2014convolutional,
  title={Convolutional neural networks for speech recognition},
  author={Abdel-Hamid, Ossama and Mohamed, Abdel-Rahman and Jiang, Hui and Deng, Li and Penn, Gerald and Yu, Dong},
  journal={IEEE/ACM Transactions on audio, speech, and language processing},
  volume={22},
  number={10},
  pages={1533--1545},
  year={2014},
  publisher={IEEE}
}

@inproceedings{sak2014sequence,
  title={Sequence discriminative distributed training of long short-term memory recurrent neural networks},
  author={Sak, Hasim and Vinyals, Oriol and Heigold, Georg and Senior, Andrew and McDermott, Erik and Monga, Rajat and Mao, Mark},
  booktitle={Proc. Annual Conference of International Speech Communication Association {(INTERSPEECH)}},
  year={2014}
}

@inproceedings{huang2014comparative,
  title={A comparative analytic study on the Gaussian mixture and context dependent deep neural network hidden Markov models.},
  author={Huang, Yan and Yu, Dong and Liu, Chaojun and Gong, Yifan},
  booktitle={Proc. Annual Conference of International Speech Communication Association {(INTERSPEECH)}},
  pages={1895--1899},
  year={2014}
}

@inproceedings{swietojanski2014learning,
  title={Learning hidden unit contributions for unsupervised speaker adaptation of neural network acoustic models},
  author={Swietojanski, Pawe{\l} and Renals, Steve},
  booktitle={Proc. {IEEE} Spoken Language Technology Workshop  {(SLT)}},
  pages={171--176},
  year={2014},
  organization={IEEE}
}

@inproceedings{senior2014improving,
  title={Improving DNN speaker independence with i-vector inputs},
  author={Senior, Andrew and Lopez-Moreno, Ignacio},
  booktitle={Proc. International Conference on Acoustics, Speech and Signal Processing  {(ICASSP)}},
  year={2014},
  organization={IEEE}
}

@inproceedings{gupta2014vector,
  title={I-vector-based speaker adaptation of deep neural networks for french broadcast audio transcription},
  author={Gupta, Vishwa and Kenny, Patrick and Ouellet, Pierre and Stafylakis, Themos},
  booktitle={Proc. International Conference on Acoustics, Speech and Signal Processing  {(ICASSP)}},
  pages={6334--6338},
  year={2014},
  organization={IEEE}
}

@article{xue2014speaker,
  title={Speaker adaptation of hybrid NN/HMM model for speech recognition based on singular value decomposition},
  author={Xue, Shaofei and Jiang, Hui and Dai, Lirong and Liu, Qingfeng},
  journal={Journal of Signal Processing Systems},
  volume={82},
  number={2},
  pages={175--185},
  year={2016},
  publisher={Springer}
}

@article{xue2014fast,
  title={Fast adaptation of deep neural network based on discriminant codes for speech recognition},
  author={Xue, Shaofei and Abdel-Hamid, Ossama and Jiang, Hui and Dai, Lirong and Liu, Qingfeng},
  journal={IEEE/ACM Transactions on Audio, Speech, and Language Processing},
  volume={22},
  number={12},
  pages={1713--1725},
  year={2014},
  publisher={IEEE}
}

@inproceedings{liu2014using,
  title={Using neural network front-ends on far field multiple microphones based speech recognition},
  author={Liu, Yulan and Zhang, Pengyuan and Hain, Thomas},
  booktitle={Proc. International Conference on Acoustics, Speech and Signal Processing  {(ICASSP)}},
  pages={5542--5546},
  year={2014},
  organization={IEEE}
}

@inproceedings{bacchiani2014context,
  title={Context dependent state tying for speech recognition using deep neural network acoustic models},
  author={Bacchiani, Michiel and Rybach, David},
  booktitle={Proc. International Conference on Acoustics, Speech and Signal Processing  {(ICASSP)}},
  pages={230--234},
  year={2014},
  organization={IEEE}
}

@inproceedings{tilk2014multi,
  title={Multi-Domain Recurrent Neural Network Language Model for Medical Speech Recognition.},
  author={Tilk, Ottokar and Alum{\"a}e, Tanel},
  booktitle={Baltic HLT},
  pages={149--152},
  year={2014}
}

@inproceedings{lei2014novel,
  title={A novel scheme for speaker recognition using a phonetically-aware deep neural network},
  author={Lei, Yun and Scheffer, Nicolas and Ferrer, Luciana and McLaren, Mitchell},
  booktitle={Proc. International Conference on Acoustics, Speech and Signal Processing  {(ICASSP)}},
  pages={1695--1699},
  year={2014},
  organization={IEEE}
}

@inproceedings{chen2014joint,
  title={Joint acoustic modeling of triphones and trigraphemes by multi-task learning deep neural networks for low-resource speech recognition},
  author={Chen, Dongpeng and Mak, Brian and Leung, Cheung-Chi and Sivadas, Sunil},
  booktitle={Proc. International Conference on Acoustics, Speech and Signal Processing  {(ICASSP)}},
  pages={5592--5596},
  year={2014},
  organization={IEEE}
}

@inproceedings{variani2014deep,
  title={Deep neural networks for small footprint text-dependent speaker verification},
  author={Variani, Ehsan and Lei, Xin and McDermott, Erik and Moreno, Ignacio Lopez and Gonzalez-Dominguez, Javier},
  booktitle={Proc. International Conference on Acoustics, Speech and Signal Processing  {(ICASSP)}},
  pages={4052--4056},
  year={2014},
  organization={IEEE}
}

@inproceedings{xue2014singular,
  title={ Singular value decomposition based low-footprint speaker adaptation and personalization for deep neural network },
  author={Xue, Jian and Li, Jinyu and Yu, Dong and Seltzer, Michael L and Gong, Yifan},
  booktitle={Proc. International Conference on Acoustics, Speech and Signal Processing  {(ICASSP)}},
  pages={6359--6363},
  year={2014},
  organization={IEEE}
}

@inproceedings{huang2014feature,
  title={Feature space maximum a posteriori linear regression for adaptation of deep neural networks},
  author={Huang, Zhen and Li, Jinyu and Siniscalchi, Sabato Marco and Chen, I-Fan and Weng, Chao and Lee, Chin-Hui},
  booktitle={Proc. Annual Conference of International Speech Communication Association {(INTERSPEECH)}},
  year={2014}
}

@article{yu2014introduction,
  title={ An introduction to computational networks and the computational network toolkit },
  author={Yu, Dong and Eversole, Adam and Seltzer, Michael L and Yao, Kaisheng and Huang, Zhiheng and Guenter, Brian and Kuchaiev, Oleksii and Zhang, Yu and Seide, Frank and Wang, Huaming and others},
  journal={Microsoft Technical Report MSR-TR-2014--112},
  year={2014}
}

@inproceedings{liu2014efficient,
  title={Efficient lattice rescoring using recurrent neural network language models},
  author={Liu, Xunying and Wang, Yongqiang and Chen, Xie and Gales, Mark JF and Woodland, Philip C},
  booktitle={Proc. International Conference on Acoustics, Speech and Signal Processing  {(ICASSP)}},
  pages={4908--4912},
  year={2014},
  organization={IEEE}
}

@inproceedings{bell2015regularization,
  title={Regularization of context-dependent deep neural networks with context-independent multi-task training},
  author={Bell, Peter J and Renals, Steve},
  booktitle={Proc. International Conference on Acoustics, Speech and Signal Processing  {(ICASSP)}},
  pages={4290--4294},
  year={2015},
  organization={IEEE}
}

@inproceedings{giri2015improving,
  title={Improving speech recognition in reverberation using a room-aware deep neural network and multi-task learning},
  author={Giri, Ritwik and Seltzer, Michael L and Droppo, Jasha and Yu, Dong},
  booktitle={Proc. International Conference on Acoustics, Speech and Signal Processing  {(ICASSP)}},
  pages={5014--5018},
  year={2015},
  organization={IEEE}
}

@inproceedings{bi2015very,
  title={Very deep convolutional neural networks for LVCSR},
  author={Bi, Mengxiao and Qian, Yanmin and Yu, Kai},
  booktitle={Proc. Annual Conference of International Speech Communication Association {(INTERSPEECH)}},
  year={2015}
}

@inproceedings{TDNN-peddinti2015,
  title={A time delay neural network architecture for efficient modeling of long temporal contexts},
  author={Peddinti, Vijayaditya and Povey, Daniel and Khudanpur, Sanjeev},
  booktitle={Proc. Annual Conference of International Speech Communication Association {(INTERSPEECH)}},
  pages={3214--3218},
  year={2015}
}

@inproceedings{chang2015importance,
  title={On the importance of modeling and robustness for deep neural network feature},
  author={Chang, Shuo-Yiin and Wegmann, Steven},
  booktitle={Proc. International Conference on Acoustics, Speech and Signal Processing  {(ICASSP)}},
  pages={4530--4534},
  year={2015},
  organization={IEEE}
}

@INPROCEEDINGS{xue-icassp15,
    AUTHOR    =  {Shaofei Xue and Hui Jiang and Li-Rong Dai and Qingfeng Liu},
    TITLE     =  {Unsupervised speaker adaptation of deep neunal network based on the combination of speaker codes and singulaer value decomposition for speech recognition},
    booktitle={Proc. International Conference on Acoustics, Speech and Signal Processing  {(ICASSP)}},
    PAGES     =  {4555-4559},
    YEAR      =  {2015},
    organization={IEEE}
}

@INPROCEEDINGS{cui-icassp15,
    AUTHOR    =  {Xiaodong, Cui and Vaibhava, Goel and Brian Kingsbury},
    TITLE     =  {Data augmentation for deep convolutional neural network acoustic modeling},
    booktitle = {Proc. International Conference on Acoustics, Speech and Signal Processing  {(ICASSP)}},
    PAGES     =  {4545-4549},
    YEAR      =  {2015},
    organization={IEEE}
}

@inproceedings{liu2015investigation,
  title={An investigation into speaker informed dnn front-end for LVCSR},
  author={Liu, Yulan and Karanasou, Penny and Hain, Thomas},
  booktitle={Proc. International Conference on Acoustics, Speech and Signal Processing  {(ICASSP)}},
  pages={4300--4304},
  year={2015},
  organization={IEEE}
}

@inproceedings{pawel2015different,
  title={Differentiable pooling for unsupervised speaker adaptation},
  author={Swietojanski, Pawe{\l} and Renals, Steve},
  booktitle={Proc. International Conference on Acoustics, Speech and Signal Processing  {(ICASSP)}},
  pages={4305--4309},
  year={2015},
  organization={IEEE}
}

@inproceedings{huang2015investigation,
  title={An investigation of augmenting speaker representations to improve speaker normalisation for DNN-based speech recognition},
  author={Huang, Hengguan and Sim, Khe Chai},
  booktitle={Proc. International Conference on Acoustics, Speech and Signal Processing  {(ICASSP)}},
  pages={4610--4614},
  year={2015},
  organization={IEEE}
}

@inproceedings{ochiai2015speaker,
  title={Speaker adaptive training for deep neural networks embedding linear transformation networks},
  author={Ochiai, Tsubasa and Matsuda, Shigeki and Watanabe, Hideyuki and Lu, Xugang and Hori, Chiori and Katagiri, Shigeru},
  booktitle={Proc. International Conference on Acoustics, Speech and Signal Processing  {(ICASSP)}},
  pages={4605--4609},
  year={2015},
  organization={IEEE}
}

@article{miao2015speaker,
  title={Speaker adaptive training of deep neural network acoustic models using i-vectors},
  author={Miao, Yajie and Zhang, Hao and Metze, Florian},
  journal={IEEE/ACM Transactions on Audio, Speech, and Language Processing},
  volume={23},
  number={11},
  pages={1938--1949},
  year={2015},
  publisher={IEEE}
}

@inproceedings{saon2015ibm,
  title={ The IBM 2015 english conversational telephone speech recognition system },
  author={Saon, George and Kuo, Hong-Kwang J and Rennie, Steven and Picheny, Michael},
  booktitle={Proc. Annual Conference of International Speech Communication Association {(INTERSPEECH)}},
  year={2015}
}

@inproceedings{chen2015multi,
  title={Multi-task learning for text-dependent speaker verification},
  author={Chen, Nanxin and Qian, Yanmin and Yu, Kai},
  booktitle={Proc. Annual Conference of International Speech Communication Association {(INTERSPEECH)}},
  year={2015}
}

@article{liu2015deep,
  title={Deep feature for text-dependent speaker verification},
  author={Liu, Yuan and Qian, Yanmin and Chen, Nanxin and Fu, Tianfan and Zhang, Ya and Yu, Kai},
  journal={Speech Communication},
  volume={73},
  pages={1--13},
  year={2015},
  publisher={Elsevier}
}

@inproceedings{wu-icassp15,
    AUTHOR    =  {Wu, Chunyang and Gales, Mark JF},
    TITLE     =  {Multi-basis adaptive neural network for rapid adaptation in speech recognition},
    booktitle = {Proc. International Conference on Acoustics, Speech and Signal Processing  {(ICASSP)}},
    PAGES     =  {4315-4319},
    YEAR      =  {2015},
    organization={IEEE}
}

@inproceedings{sainath2015convolutional,
  title={ Convolutional neural networks for small-footprint keyword spotting },
  author={Sainath, Tara N and Parada, Carolina},
  booktitle={Proc. Annual Conference of International Speech Communication Association {(INTERSPEECH)}},
  pages={1478--1482},
  year={2015}
}

@inproceedings{Ioffe2015batch,
    title={ Batch normalization: accelerating deep network training by reducing internal covariate shift },
  author={Ioffe, Sergey and Szegedy, Christian},
  booktitle={Proc. International Conference on Machine Learning {(ICML)}},
  pages={448--456},
  year={2015},
}

@inproceedings{miao2015distance,
  title={Distance-aware DNNs for robust speech recognition},
  author={Miao, Yajie Miao and Metze, Florian},
  booktitle={Proc. Annual Conference of International Speech Communication Association {(INTERSPEECH)}},
  pages={761--765},
  year={2015}
}

@inproceedings{miao2015on,
  title={On speaker adaptation of Long Short-Term Memory recurrent neural networks},
  author={Miao, Yajie Miao and Metze, Florian},
  booktitle={Proc. Annual Conference of International Speech Communication Association {(INTERSPEECH)}},
  pages={1101--1105},
  year={2015}
}

@inproceedings{feng2015using,
  title={On using heterogeneous data for vehicle-based speech recognition: A dnn-based approach},
  author={Feng, Xue and Richardson, Brigitte and Amman, Scott and Glass, James},
  booktitle={Proc. International Conference on Acoustics, Speech and Signal Processing  {(ICASSP)}},
  pages={4385--4389},
  year={2015},
  organization={IEEE}
}

@inproceedings{LACE-yu2016,
  title={Deep convolutional neural networks with layer-wise context expansion and attention.},
  author={Yu, Dong and Xiong, Wayne and Droppo, Jasha and Stolcke, Andreas and Ye, Guoli and Li, Jinyu and Zweig, Geoffrey},
  booktitle={Proc. Annual Conference of International Speech Communication Association {(INTERSPEECH)}},
  pages={17--21},
  year={2016}
}

@inproceedings{Deepspeech2-amodei2015,
  title={Deep Speech 2: End-to-End Speech Recognition in {English} and {Mandarin}},
  author={Amodei, Dario and Anubhai, Rishita and Battenberg, Eric and Case, Carl and Casper, Jared and Catanzaro, Bryan and Chen, Jingdong and Chrzanowski, Mike and Coates, Adam and Diamos, Greg and others},
  booktitle={Proc. International Conference on Machine Learning {(ICML)}},
  year={2016},
}

@article{qian2016very,
  title={Very deep convolutional neural networks for noise robust speech recognition},
  author={Qian, Yanmin and Bi, Mengxiao and Tan, Tian and Yu, Kai},
  journal={IEEE/ACM Transactions on Audio, Speech, and Language Processing},
  volume={24},
  number={12},
  pages={2263--2276},
  year={2016},
  publisher={IEEE}
}

@inproceedings{swietojanski2016sat,
  title={SAT-LHUC: Speaker adaptive training for learning hidden unit contributions},
  author={Swietojanski, Pawe{\l} and Renais, Steve},
  booktitle={Proc. International Conference on Acoustics, Speech and Signal Processing  {(ICASSP)}},
  pages={5010--5014},
  year={2016},
  organization={IEEE}
}

@article{swietojanski2016learning,
  title={Learning hidden unit contributions for unsupervised acoustic model adaptation},
  author={Swietojanski, Pawe{\l} and Li, Jinyu and Renals, Steve},
  journal={IEEE/ACM Transactions on Audio, Speech, and Language Processing},
  volume={24},
  number={8},
  pages={1450--1463},
  year={2016},
  publisher={IEEE}
}

@article{ochiai2016speaker,
  title={Speaker adaptive training localizing speaker modules in DNN for hybrid DNN-HMM speech recognizers},
  author={Ochiai, Tsubasa and Matsuda, Shigeki and Watanabe, Hideyuki and Xugang, LU and Chiori, HORI and Kawai, Hisashi and Katagiri, Shigeru},
  journal={IEICE Transactions on Information and Systems},
  volume={99},
  number={10},
  pages={2431--2443},
  year={2016},
  publisher={The Institute of Electronics, Information and Communication Engineers}
}

@inproceedings{ochiai2016bottleneck,
  title={Bottleneck linear transformation network adaptation for speaker adaptive training-based hybrid DNN-HMM speech recognizer},
  author={Ochiai, Tsubasa and Matsuda, Shigeki and Watanabe, Hideyuki and Lu, Xugang and Kawai, Hisashi and Katagiri, Shigeru},
  booktitle={Proc. International Conference on Acoustics, Speech and Signal Processing  {(ICASSP)}},
  pages={5015--5019},
  year={2016},
  organization={IEEE}
}

@inproceedings{ymq84-qian-slt16,
       author   =   {Qian, Yanmin and Woodland, Philip C},
        title   =   { Very deep convolutional neural networks for robust speech recognition },
       booktitle   =   {Proc. {IEEE} Spoken Language Technology Workshop  {(SLT)}},
         year   =   {2016},
}

@inproceedings{zhao2016low,
  title={ Low-Rank plus diagonal adaptation for deep neural networks },
  author={Zhao, Yong and Li, Jinyu and Gong, Yifan},
  booktitle={Proc. International Conference on Acoustics, Speech and Signal Processing  {(ICASSP)}},
  pages={5005--5009},
  year={2016},
  organization={IEEE}
}

@article{samarakoon2016factorized,
  title={ Factorized hidden layer adaptation for deep neural network based acoustic modeling },
  author={Samarakoon, Lahiru and Sim, Khe Chai},
  journal={IEEE/ACM Transactions on Audio, Speech, and Language Processing},
  volume={24},
  number={12},
  pages={2241--2250},
  year={2016},
  publisher={IEEE}
}

@inproceedings{sercu2016very,
  title={ Very deep multilingual convolutional neural networks for LVCSR },
  author={Sercu, Tom and Puhrsch, Christian and Kingsbury, Brian and LeCun, Yann},
  booktitle={Proc. International Conference on Acoustics, Speech and Signal Processing  {(ICASSP)}},
  pages={4955--4959},
  year={2016},
  organization={IEEE}
}

@inproceedings{ymq84-qian-chime16,
       author   =   {Qian, Yanmin and Tan, Tian},
        title   =   { The SJTU CHIME-4 system: acoustic noise robustness for real single or multiple microphone scenarios },
       booktitle   =   {CHiME4},
         year   =   {2016},
}

@inproceedings{delcroix2016context,
  title={ Context adaptive neural network for rapid adaptation of deep CNN based acoustic models },
  author={Delcroix, Marc and Kinoshita, Keisuke and Ogawa, Atsunori and Yoshioka, Takuya and Tran, Dung T and Nakatani, Tomohiro},
  booktitle={Proc. Annual Conference of International Speech Communication Association {(INTERSPEECH)}},
  pages={1573--1577},
  year={2016}
}

@inproceedings{higuchi2016robust,
  title={ Robust MVDR beamforming using time-frequency masks for online/offline ASR in noise },
  author={Higuchi, Takuya and Ito, Nobutaka and Yoshioka, Takuya and Nakatani, Tomohiro},
  booktitle={Proc. International Conference on Acoustics, Speech and Signal Processing  {(ICASSP)}},
  pages={5210--5214},
  year={2016},
  organization={IEEE}
}

@inproceedings{he2016deep,
  title={ Deep residual learning for image recognition },
  author={He, Kaiming and Zhang, Xiangyu and Ren, Shaoqing and Sun, Jian},
  booktitle={Proc. {IEEE} Conference on Computer Vision and Pattern Recognition {(CVPR)}},
  pages={770--778},
  year={2016}
}

@inproceedings{chen2016cued,
  title={CUED-RNNLM—An open-source toolkit for efficient training and evaluation of recurrent neural network language models},
  author={Chen, Xie and Liu, Xunying and Qian, Yanmin and Gales, Mark JF and Woodland, Philip C},
  booktitle={Proc. International Conference on Acoustics, Speech and Signal Processing  {(ICASSP)}},
  pages={6000--6004},
  year={2016},
  organization={IEEE}
}

@phdthesis{swietojanski2016thesis,
  title={Learning representations for speech recognition using artificial neural networks},
  author={Swietojanski, Pawe{\l}},
  year={2016},
  school={The University of Edinburgh}
}

@inproceedings{xiong2017microsoft,
  title={ The microsoft 2016 conversational speech recognition system },
  author={Xiong, Wayne and Droppo, Jasha and Huang, Xuedong and Seide, Frank and Seltzer, Michael L and Stolcke, Andreas and Yu, Dong and Zweig, Geoffrey},
  booktitle={Proc. International Conference on Acoustics, Speech and Signal Processing  {(ICASSP)}},
  pages={5255--5259},
  year={2017},
  organization={IEEE}
}

@inproceedings{saon2017english,
  title={ English conversational telephone speech recognition by humans and machines },
  author={Saon, George and Kurata, Gakuto and Sercu, Tom and Audhkhasi, Kartik and Thomas, Samuel and Dimitriadis, Dimitrios and Cui, Xiaodong and Ramabhadran, Bhuvana and Picheny, Michael and Lim, Lynn-Li and others},
  booktitle={Proc. Annual Conference of International Speech Communication Association {(INTERSPEECH)}},
  year={2017}
}

@inproceedings{zhang2017very,
  title={ Very deep convolutional networks for End-to-End speech recognition },
  author={Zhang, Yu and Chan, William and Jaitly, Navdeep},
  booktitle={Proc. International Conference on Acoustics, Speech and Signal Processing  {(ICASSP)}},
  pages={4845--4849},
  year={2017},
  organization={IEEE}
}

@inproceedings{xiong2018microsoft,
  title={ The microsoft 2017 conversational speech recognition system },
  author={Xiong, Wayne and Wu, Lingfeng and Alleva, Fil and Droppo, Jasha and Huang, Xuedong and Stolcke, Andreas},
  booktitle={Proc. International Conference on Acoustics, Speech and Signal Processing  {(ICASSP)}},
  pages={5393--5397},
  year={2018},
  organization={IEEE}
}


@inproceedings{rybach2011comparative,
  title={A comparative analysis of dynamic network decoding},
  author={Rybach, David and Schl{\"u}ter, Ralf and Ney, Hermann},
  booktitle={2011 IEEE International Conference on Acoustics, Speech and Signal Processing},
  pages={5184--5187},
  year={2011},
  organization={IEEE}
}

@inproceedings{soltau2009dynamic,
  title={Dynamic network decoding revisited},
  author={Soltau, Hagen and Saon, George},
  booktitle={Automatic Speech Recognition \& Understanding, 2009. ASRU 2009. IEEE Workshop on},
  pages={276--281},
  year={2009},
  organization={IEEE}
}

@inproceedings{paul1992efficient,
  title={An efficient A* stack decoder algorithm for continuous speech recognition with a stochastic language model},
  author={Paul, Douglas B},
  booktitle={Proceedings of the workshop on Speech and Natural Language},
  pages={405--409},
  year={1992},
  organization={Association for Computational Linguistics}
}

@inproceedings{kanthak2000using,
  title={Using SIMD instructions for fast likelihood calculation in LVCSR},
  author={Kanthak, Stephan and Schutz, Kai and Ney, Hermann},
  booktitle={Acoustics, Speech, and Signal Processing, 2000. ICASSP'00. Proceedings. 2000 IEEE International Conference on},
  volume={3},
  pages={1531--1534},
  year={2000},
  organization={IEEE}
}

@inproceedings{chong2009fully,
  title={A fully data parallel WFST-based large vocabulary continuous speech recognition on a graphics processing unit},
  author={Chong, Jike and Gonina, Ekaterina and Yi, Youngmin and Keutzer, Kurt},
  booktitle={Tenth Annual Conference of the International Speech Communication Association},
  year={2009}
}

@inproceedings{huang1990semi,
  title={On semi-continuous hidden Markov modeling},
  author={Huang, Xuedong and Lee, K-F and Hon, H-W},
  booktitle={Acoustics, Speech, and Signal Processing, 1990. ICASSP-90., 1990 International Conference on},
  pages={689--692},
  year={1990},
  organization={IEEE}
}

@article{cai2009efficient,
  title={Efficient likelihood evaluation and dynamic Gaussian selection for HMM-based speech recognition},
  author={Cai, Jun and Bouselmi, Ghazi and Laprie, Yves and Haton, Jean-Paul},
  journal={Computer Speech \& Language},
  volume={23},
  number={2},
  pages={147--164},
  year={2009},
  publisher={Elsevier}
}

@article{li2007fast,
  title={A fast and memory-efficient N-gram language model lookup method for large vocabulary continuous speech recognition},
  author={Li, Xiaolong and Zhao, Yunxin},
  journal={Computer Speech \& Language},
  volume={21},
  number={1},
  pages={1--25},
  year={2007},
  publisher={Elsevier}
}

@inproceedings{cardenal2002fast,
  title={Fast LM look-ahead for large vocabulary continuous speech recognition using perfect hashing},
  author={Cardenal-L{\'o}pez, Antonio and Di{\'e}guez-Tirado, F Javier and Garcia-Mateo, Carmen},
  booktitle={Proceedings of International Conference on Acoustics, Speech and Signal Processing (CASSP},
  pages={I--705},
  year={2002},
  organization={IEEE}
}

@inproceedings{huijbregts2008fast,
  title={Fast N-Gram language model look-ahead for decoders with static pronunciation prefix trees},
  author={Huijbregts, Marijn and Ordelman, Roeland and Jong, Franciska de},
  booktitle={Ninth Annual Conference of the International Speech Communication Association},
  year={2008}
}

@book{young1989token,
  title={Token passing: a simple conceptual model for connected speech recognition systems},
  author={Young, Stephen John and Russell, NH and Thornton, JHS},
  year={1989},
  publisher={Cambridge University Engineering Department Cambridge, UK}
}

@inproceedings{pylkkonen2005new,
  title={New pruning criteria for efficient decoding},
  author={Pylkk{\"o}nen, Janne},
  booktitle={Ninth European Conference on Speech Communication and Technology},
  year={2005}
}